20221118,09:15:00,42598.00,1,2394650
20221118,09:15:00,42560.05,625,2394650
20221118,09:15:00,42560.15,250,2394650
20221118,09:15:01,42600.00,3825,2394650
20221118,09:15:02,42590.75,1625,2394650
20221118,09:15:03,42608.15,1925,2394650
20221118,09:15:05,42612.00,1450,2394650
20221118,09:15:06,42599.95,825,2394650
20221118,09:15:06,42591.35,50,2394650
20221118,09:15:07,42599.90,1925,2394650
20221118,09:15:08,42600.00,750,2394650
20221118,09:15:09,42604.55,1825,2394650
20221118,09:15:10,42605.55,1800,2394650
20221118,09:15:11,42613.80,575,2394650
20221118,09:15:12,42614.10,950,2394650
20221118,09:15:13,42612.05,525,2394650
20221118,09:15:14,42595.50,1025,2394650
20221118,09:15:15,42592.65,425,2394650
20221118,09:15:16,42593.00,425,2394650
20221118,09:15:17,42581.65,175,2394650
20221118,09:15:18,42586.00,675,2394650
20221118,09:15:19,42590.00,1075,2394650
20221118,09:15:20,42585.55,275,2394650
20221118,09:15:21,42598.50,1500,2394650
20221118,09:15:22,42597.45,225,2394650
20221118,09:15:23,42592.20,450,2394650
20221118,09:15:24,42593.00,500,2394650
20221118,09:15:25,42599.15,725,2394650
20221118,09:15:27,42597.60,1250,2394650
20221118,09:15:28,42600.75,675,2394650
20221118,09:15:29,42603.15,475,2394650
20221118,09:15:30,42604.60,1100,2394650
20221118,09:15:31,42604.90,1150,2394650
20221118,09:15:32,42600.00,600,2394650
20221118,09:15:33,42593.90,675,2394650
20221118,09:15:34,42595.90,200,2394650
20221118,09:15:35,42600.00,2050,2394650
20221118,09:15:36,42599.90,150,2394650
20221118,09:15:37,42602.35,2000,2394650
20221118,09:15:38,42604.90,1900,2394650
20221118,09:15:39,42594.30,3275,2394650
20221118,09:15:40,42591.65,900,2394650
20221118,09:15:41,42590.40,1950,2394650
20221118,09:15:42,42582.60,25,2394650
20221118,09:15:43,42591.50,1200,2394650
20221118,09:15:44,42579.00,450,2394650
20221118,09:15:45,42581.00,100,2394650
20221118,09:15:47,42581.00,175,2394650
20221118,09:15:48,42581.00,2025,2394650
20221118,09:15:49,42580.05,75,2394650
20221118,09:15:50,42580.40,1150,2394650
20221118,09:15:51,42587.25,225,2394650
20221118,09:15:52,42580.20,250,2394650
20221118,09:15:53,42580.15,225,2394650
20221118,09:15:54,42579.00,75,2394650
20221118,09:15:56,42571.05,275,2394650
20221118,09:15:57,42576.70,400,2394650
20221118,09:15:58,42575.00,225,2394650
20221118,09:15:59,42576.75,300,2394650
20221118,09:16:00,42577.05,3750,2394650
20221118,09:16:01,42580.25,1075,2394650
20221118,09:16:02,42580.25,125,2394650
20221118,09:16:03,42580.40,1450,2394650
20221118,09:16:05,42564.15,700,2394650
20221118,09:16:06,42563.55,225,2394650
20221118,09:16:07,42559.55,350,2394650
20221118,09:16:08,42557.00,375,2394650
20221118,09:16:09,42559.55,50,2394650
20221118,09:16:10,42555.20,350,2394650
20221118,09:16:11,42568.30,1025,2394650
20221118,09:16:11,42564.65,25,2394650
20221118,09:16:12,42565.00,125,2394650
20221118,09:16:14,42564.35,1300,2394650
20221118,09:16:15,42568.15,225,2394650
20221118,09:16:16,42569.20,225,2394650
20221118,09:16:17,42569.85,375,2394650
20221118,09:16:18,42574.10,150,2394650
20221118,09:16:19,42580.25,250,2394650
20221118,09:16:20,42582.10,400,2394650
20221118,09:16:21,42589.00,225,2394650
20221118,09:16:22,42583.45,825,2394650
20221118,09:16:24,42581.30,400,2394650
20221118,09:16:25,42576.35,125,2394650
20221118,09:16:26,42588.20,275,2394650
20221118,09:16:27,42588.10,1225,2394650
20221118,09:16:28,42588.70,325,2394650
20221118,09:16:29,42588.45,50,2394650
20221118,09:16:30,42588.20,225,2394650
20221118,09:16:31,42588.40,100,2394650
20221118,09:16:32,42591.50,700,2394650
20221118,09:16:34,42588.75,200,2394650
20221118,09:16:35,42591.70,800,2394650
20221118,09:16:36,42591.65,825,2394650
20221118,09:16:37,42590.00,1300,2394650
20221118,09:16:38,42590.05,100,2394650
20221118,09:16:39,42590.40,100,2394650
20221118,09:16:40,42594.30,375,2394650
20221118,09:16:41,42590.00,1125,2394650
20221118,09:16:42,42592.40,625,2394650
20221118,09:16:42,42590.00,275,2394650
20221118,09:16:43,42594.30,75,2394650
20221118,09:16:45,42592.25,100,2394650
20221118,09:16:46,42594.30,800,2394650
20221118,09:16:47,42594.25,50,2394650
20221118,09:16:48,42590.00,375,2394650
20221118,09:16:49,42590.05,75,2394650
20221118,09:16:50,42589.45,650,2394650
20221118,09:16:51,42588.20,350,2394650
20221118,09:16:52,42585.00,25,2394650
20221118,09:16:53,42585.00,50,2394650
20221118,09:16:54,42590.00,125,2394650
20221118,09:16:56,42588.80,550,2394650
20221118,09:16:57,42588.00,950,2394650
20221118,09:16:58,42591.90,125,2394650
20221118,09:16:59,42587.00,100,2394650
20221118,09:17:00,42590.00,325,2394650
20221118,09:17:01,42589.90,250,2394650
20221118,09:17:02,42585.00,650,2394650
20221118,09:17:03,42581.05,125,2394650
20221118,09:17:04,42589.35,1000,2394650
20221118,09:17:05,42581.05,150,2394650
20221118,09:17:05,42580.75,700,2394650
20221118,09:17:06,42585.00,275,2394650
20221118,09:17:08,42582.15,1325,2394650
20221118,09:17:09,42585.00,225,2394650
20221118,09:17:10,42588.25,75,2394650
20221118,09:17:12,42589.00,125,2394650
20221118,09:17:13,42587.85,300,2394650
20221118,09:17:14,42592.25,225,2394650
20221118,09:17:15,42586.75,75,2394650
20221118,09:17:16,42589.00,650,2394650
20221118,09:17:17,42584.75,75,2394650
20221118,09:17:18,42585.00,50,2394650
20221118,09:17:19,42582.05,125,2394650
20221118,09:17:19,42581.35,25,2394650
20221118,09:17:20,42588.40,125,2394650
20221118,09:17:22,42580.50,300,2394650
20221118,09:17:24,42576.50,625,2394650
20221118,09:17:25,42575.00,25,2409825
20221118,09:17:26,42567.05,700,2409825
20221118,09:17:27,42570.75,25,2409825
20221118,09:17:28,42575.55,100,2409825
20221118,09:17:29,42570.60,25,2409825
20221118,09:17:30,42573.10,25,2409825
20221118,09:17:30,42573.75,50,2409825
20221118,09:17:31,42567.40,175,2409825
20221118,09:17:33,42568.80,100,2409825
20221118,09:17:34,42567.45,125,2409825
20221118,09:17:35,42567.40,400,2409825
20221118,09:17:36,42570.05,575,2409825
20221118,09:17:37,42571.80,200,2409825
20221118,09:17:38,42580.00,300,2409825
20221118,09:17:39,42577.00,25,2409825
20221118,09:17:40,42575.60,125,2409825
20221118,09:17:41,42568.60,650,2409825
20221118,09:17:42,42573.40,25,2409825
20221118,09:17:43,42575.35,125,2409825
20221118,09:17:45,42575.95,125,2409825
20221118,09:17:46,42573.50,25,2409825
20221118,09:17:47,42575.40,50,2409825
20221118,09:17:48,42575.65,25,2409825
20221118,09:17:49,42576.45,575,2409825
20221118,09:17:50,42580.50,550,2409825
20221118,09:17:51,42577.30,50,2409825
20221118,09:17:52,42577.30,150,2409825
20221118,09:17:54,42580.50,75,2409825
20221118,09:17:55,42576.45,50,2409825
20221118,09:17:56,42578.05,150,2409825
20221118,09:17:56,42579.95,125,2409825
20221118,09:17:57,42580.50,25,2409825
20221118,09:17:58,42575.00,125,2409825
20221118,09:17:59,42581.35,150,2409825
20221118,09:18:00,42576.00,25,2409825
20221118,09:18:02,42570.00,400,2409825
20221118,09:18:04,42575.65,1100,2409825
20221118,09:18:05,42575.10,175,2409825
20221118,09:18:07,42573.50,325,2409825
20221118,09:18:09,42575.10,25,2409825
20221118,09:18:11,42577.85,725,2409825
20221118,09:18:14,42582.65,225,2409825
20221118,09:18:15,42580.40,75,2409825
20221118,09:18:17,42581.15,100,2409825
20221118,09:18:19,42579.75,2400,2409825
20221118,09:18:20,42579.90,100,2409825
20221118,09:18:22,42581.40,200,2409825
20221118,09:18:24,42580.25,100,2409825
20221118,09:18:25,42573.85,575,2409825
20221118,09:18:27,42580.00,475,2409825
20221118,09:18:30,42571.05,50,2409825
20221118,09:18:32,42571.00,100,2409825
20221118,09:18:34,42571.05,375,2409825
20221118,09:18:35,42566.90,50,2409825
20221118,09:18:37,42563.20,275,2409825
20221118,09:18:39,42569.15,225,2409825
20221118,09:18:40,42557.00,625,2409825
20221118,09:18:42,42565.15,325,2409825
20221118,09:18:44,42566.10,75,2409825
20221118,09:18:45,42566.90,200,2409825
20221118,09:18:47,42577.10,450,2409825
20221118,09:18:49,42576.95,625,2409825
20221118,09:18:50,42569.85,250,2409825
20221118,09:18:52,42570.60,25,2409825
20221118,09:18:55,42576.95,1125,2409825
20221118,09:18:58,42582.75,200,2409825
20221118,09:19:00,42567.65,1450,2409825
20221118,09:19:01,42567.55,275,2409825
20221118,09:19:03,42561.40,200,2409825
20221118,09:19:05,42567.95,150,2409825
20221118,09:19:06,42570.00,75,2409825
20221118,09:19:08,42573.75,250,2409825
20221118,09:19:09,42571.10,575,2409825
20221118,09:19:11,42569.00,400,2409825
20221118,09:19:14,42570.40,50,2409825
20221118,09:19:15,42570.40,50,2409825
20221118,09:19:17,42570.40,75,2409825
20221118,09:19:18,42575.00,100,2409825
20221118,09:19:20,42573.90,250,2409825
20221118,09:19:21,42571.25,75,2409825
20221118,09:19:23,42571.10,400,2409825
20221118,09:19:24,42568.20,250,2409825
20221118,09:19:26,42570.00,1050,2409825
20221118,09:19:27,42566.55,125,2409825
20221118,09:19:29,42562.90,150,2409825
20221118,09:19:30,42560.00,500,2409825
20221118,09:19:32,42556.00,1775,2409825
20221118,09:19:33,42558.65,25,2409825
20221118,09:19:35,42551.30,1075,2409825
20221118,09:19:37,42551.00,100,2409825
20221118,09:19:38,42550.00,1950,2409825
20221118,09:19:40,42550.00,125,2409825
20221118,09:19:41,42547.30,1700,2409825
20221118,09:19:43,42546.00,50,2409825
20221118,09:19:44,42544.00,225,2409825
20221118,09:19:46,42540.00,300,2409825
20221118,09:19:47,42536.10,650,2409825
20221118,09:19:49,42536.10,475,2409825
20221118,09:19:50,42537.60,100,2409825
20221118,09:19:52,42543.20,150,2409825
20221118,09:19:54,42537.40,550,2409825
20221118,09:19:55,42536.00,275,2409825
20221118,09:19:57,42536.00,550,2409825
20221118,09:19:58,42535.00,225,2409825
20221118,09:20:00,42539.70,400,2409825
20221118,09:20:01,42533.60,1375,2409825
20221118,09:20:03,42540.35,375,2409825
20221118,09:20:04,42544.75,250,2409825
20221118,09:20:06,42540.65,200,2409825
20221118,09:20:08,42547.40,150,2409825
20221118,09:20:09,42540.00,450,2409825
20221118,09:20:11,42540.00,275,2409825
20221118,09:20:13,42539.00,950,2409825
20221118,09:20:14,42540.50,125,2409825
20221118,09:20:16,42539.45,375,2409825
20221118,09:20:18,42539.00,375,2409825
20221118,09:20:19,42535.00,100,2409825
20221118,09:20:21,42533.60,150,2409825
20221118,09:20:22,42531.55,425,2409825
20221118,09:20:24,42530.00,2550,2416950
20221118,09:20:26,42529.90,850,2416950
20221118,09:20:27,42540.50,325,2416950
20221118,09:20:29,42539.55,225,2416950
20221118,09:20:31,42532.95,75,2416950
20221118,09:20:32,42538.50,325,2416950
20221118,09:20:34,42539.20,100,2416950
20221118,09:20:36,42531.75,75,2416950
20221118,09:20:37,42535.80,300,2416950
20221118,09:20:39,42536.85,100,2416950
20221118,09:20:40,42535.75,50,2416950
20221118,09:20:42,42535.00,300,2416950
20221118,09:20:44,42530.85,150,2416950
20221118,09:20:45,42530.05,75,2416950
20221118,09:20:47,42530.05,225,2416950
20221118,09:20:49,42531.05,75,2416950
20221118,09:20:50,42530.05,425,2416950
20221118,09:20:52,42532.00,50,2416950
20221118,09:20:53,42527.00,1025,2416950
20221118,09:20:55,42525.00,1025,2416950
20221118,09:20:57,42524.00,475,2416950
20221118,09:20:58,42521.00,400,2416950
20221118,09:21:00,42525.00,675,2416950
20221118,09:21:02,42520.05,275,2416950
20221118,09:21:03,42520.00,175,2416950
20221118,09:21:05,42518.00,250,2416950
20221118,09:21:07,42515.00,350,2416950
20221118,09:21:08,42520.00,100,2416950
20221118,09:21:10,42520.45,300,2416950
20221118,09:21:12,42520.45,150,2416950
20221118,09:21:13,42515.00,1600,2416950
20221118,09:21:15,42514.80,725,2416950
20221118,09:21:17,42513.00,375,2416950
20221118,09:21:18,42512.50,100,2416950
20221118,09:21:20,42518.00,800,2416950
20221118,09:21:21,42515.00,250,2416950
20221118,09:21:23,42513.00,125,2416950
20221118,09:21:25,42514.90,125,2416950
20221118,09:21:26,42508.00,1525,2416950
20221118,09:21:28,42511.20,350,2416950
20221118,09:21:30,42508.00,400,2416950
20221118,09:21:31,42510.00,150,2416950
20221118,09:21:33,42517.80,150,2416950
20221118,09:21:35,42518.00,400,2416950
20221118,09:21:36,42518.00,100,2416950
20221118,09:21:38,42523.40,675,2416950
20221118,09:21:40,42514.05,550,2416950
20221118,09:21:41,42521.25,125,2416950
20221118,09:21:43,42514.65,850,2416950
20221118,09:21:45,42516.35,200,2416950
20221118,09:21:48,42517.10,25,2416950
20221118,09:21:50,42517.10,50,2416950
20221118,09:21:51,42515.00,325,2416950
20221118,09:21:53,42515.25,100,2416950
20221118,09:21:55,42516.95,2025,2416950
20221118,09:21:56,42517.10,50,2416950
20221118,09:21:58,42517.55,100,2416950
20221118,09:22:00,42518.05,250,2416950
20221118,09:22:01,42511.00,625,2416950
20221118,09:22:03,42518.00,25,2416950
20221118,09:22:04,42516.25,100,2416950
20221118,09:22:06,42510.00,250,2416950
20221118,09:22:07,42510.00,75,2416950
20221118,09:22:09,42514.80,75,2416950
20221118,09:22:12,42516.75,100,2416950
20221118,09:22:14,42513.55,275,2416950
20221118,09:22:15,42510.00,300,2416950
20221118,09:22:17,42508.00,150,2416950
20221118,09:22:19,42495.85,4750,2416950
20221118,09:22:20,42495.85,175,2416950
20221118,09:22:22,42500.05,175,2416950
20221118,09:22:23,42491.90,425,2416950
20221118,09:22:25,42491.90,425,2416950
20221118,09:22:27,42486.85,1400,2416950
20221118,09:22:28,42490.95,100,2416950
20221118,09:22:30,42495.00,275,2416950
20221118,09:22:31,42499.75,275,2416950
20221118,09:22:33,42499.75,200,2416950
20221118,09:22:35,42499.50,50,2416950
20221118,09:22:36,42495.50,250,2416950
20221118,09:22:38,42499.90,550,2416950
20221118,09:22:39,42502.90,575,2416950
20221118,09:22:42,42506.75,275,2416950
20221118,09:22:44,42508.80,500,2416950
20221118,09:22:46,42513.55,250,2416950
20221118,09:22:47,42514.95,100,2416950
20221118,09:22:50,42516.00,200,2416950
20221118,09:22:52,42516.00,175,2416950
20221118,09:22:54,42514.60,125,2416950
20221118,09:22:55,42518.00,225,2416950
20221118,09:22:57,42518.00,25,2416950
20221118,09:22:58,42515.80,125,2416950
20221118,09:23:00,42518.00,175,2416950
20221118,09:23:01,42516.40,575,2416950
20221118,09:23:03,42510.00,225,2416950
20221118,09:23:05,42512.00,75,2416950
20221118,09:23:06,42514.05,50,2416950
20221118,09:23:08,42510.00,150,2416950
20221118,09:23:10,42516.35,150,2416950
20221118,09:23:11,42511.75,325,2416950
20221118,09:23:13,42512.15,150,2416950
20221118,09:23:15,42506.85,975,2416950
20221118,09:23:16,42500.00,125,2416950
20221118,09:23:18,42509.40,275,2416950
20221118,09:23:23,42508.25,75,2416950
20221118,09:23:24,42511.80,175,2416950
20221118,09:23:26,42513.00,125,2416625
20221118,09:23:28,42515.00,150,2416625
20221118,09:23:29,42515.65,25,2416625
20221118,09:23:31,42512.05,225,2416625
20221118,09:23:34,42518.00,75,2416625
20221118,09:23:36,42514.45,200,2416625
20221118,09:23:37,42519.25,50,2416625
20221118,09:23:39,42520.00,400,2416625
20221118,09:23:40,42522.20,150,2416625
20221118,09:23:42,42520.60,75,2416625
20221118,09:23:44,42523.35,75,2416625
20221118,09:23:45,42520.00,300,2416625
20221118,09:23:47,42522.20,1375,2416625
20221118,09:23:49,42518.00,25,2416625
20221118,09:23:50,42525.00,300,2416625
20221118,09:23:52,42525.60,350,2416625
20221118,09:23:54,42528.85,25,2416625
20221118,09:23:55,42526.60,75,2416625
20221118,09:23:57,42529.90,100,2416625
20221118,09:23:58,42529.00,25,2416625
20221118,09:24:00,42525.60,75,2416625
20221118,09:24:02,42529.90,700,2416625
20221118,09:24:03,42525.65,150,2416625
20221118,09:24:05,42528.15,1000,2416625
20221118,09:24:07,42531.05,450,2416625
20221118,09:24:10,42535.50,50,2416625
20221118,09:24:11,42530.00,50,2416625
20221118,09:24:13,42537.65,150,2416625
20221118,09:24:15,42539.20,100,2416625
20221118,09:24:16,42535.50,175,2416625
20221118,09:24:18,42537.65,25,2416625
20221118,09:24:20,42535.95,725,2416625
20221118,09:24:21,42543.30,100,2416625
20221118,09:24:23,42530.00,1100,2416625
20221118,09:24:24,42530.00,150,2416625
20221118,09:24:26,42530.05,175,2416625
20221118,09:24:28,42525.00,425,2416625
20221118,09:24:29,42520.75,350,2416625
20221118,09:24:31,42518.00,75,2416625
20221118,09:24:33,42522.55,50,2416625
20221118,09:24:34,42518.15,275,2416625
20221118,09:24:36,42522.55,50,2416625
20221118,09:24:39,42525.25,175,2416625
20221118,09:24:41,42518.05,175,2416625
20221118,09:24:42,42520.00,225,2416625
20221118,09:24:44,42524.85,75,2416625
20221118,09:24:47,42529.40,25,2416625
20221118,09:24:49,42525.00,150,2416625
20221118,09:24:51,42527.80,175,2416625
20221118,09:24:54,42525.85,175,2416625
20221118,09:24:55,42525.40,25,2416625
20221118,09:24:57,42520.00,925,2416625
20221118,09:25:00,42520.00,50,2416625
20221118,09:25:02,42518.40,50,2416625
20221118,09:25:03,42518.95,100,2416625
20221118,09:25:05,42520.00,1025,2416625
20221118,09:25:07,42516.35,25,2416625
20221118,09:25:08,42515.00,325,2416625
20221118,09:25:10,42514.70,400,2416625
20221118,09:25:12,42508.05,250,2416625
20221118,09:25:13,42510.55,75,2416625
20221118,09:25:15,42514.70,250,2416625
20221118,09:25:17,42515.30,50,2416625
20221118,09:25:18,42517.95,25,2416625
20221118,09:25:20,42519.95,50,2416625
20221118,09:25:21,42523.15,125,2416625
20221118,09:25:23,42521.00,75,2416625
20221118,09:25:25,42515.55,100,2416625
20221118,09:25:26,42515.00,450,2416625
20221118,09:25:31,42514.90,200,2416625
20221118,09:25:33,42513.40,150,2416625
20221118,09:25:34,42514.20,50,2416625
20221118,09:25:36,42510.00,450,2416625
20221118,09:25:37,42516.50,2250,2416625
20221118,09:25:39,42514.90,350,2416625
20221118,09:25:40,42513.80,375,2416625
20221118,09:25:42,42514.60,550,2416625
20221118,09:25:43,42513.75,25,2416625
20221118,09:25:45,42513.75,75,2416625
20221118,09:25:48,42515.50,50,2416625
20221118,09:25:49,42515.55,125,2416625
20221118,09:25:51,42513.75,500,2416625
20221118,09:25:52,42506.90,50,2416625
20221118,09:25:53,42513.00,25,2416625
20221118,09:25:55,42507.15,25,2416625
20221118,09:25:56,42505.15,250,2416625
20221118,09:25:58,42511.75,25,2416625
20221118,09:25:59,42506.05,175,2416625
20221118,09:26:01,42510.90,175,2416625
20221118,09:26:02,42513.15,250,2416625
20221118,09:26:04,42515.55,75,2416625
20221118,09:26:05,42520.00,50,2416625
20221118,09:26:07,42518.05,50,2416625
20221118,09:26:08,42520.55,175,2416625
20221118,09:26:10,42528.85,100,2416625
20221118,09:26:12,42530.00,75,2416625
20221118,09:26:13,42535.00,175,2416625
20221118,09:26:15,42529.70,150,2416625
20221118,09:26:17,42533.20,150,2416625
20221118,09:26:18,42535.00,25,2416625
20221118,09:26:20,42533.80,25,2416625
20221118,09:26:21,42534.15,50,2416625
20221118,09:26:23,42526.75,150,2416625
20221118,09:26:24,42530.40,100,2416625
20221118,09:26:26,42526.35,400,2418925
20221118,09:26:27,42532.95,25,2418925
20221118,09:26:29,42526.70,350,2418925
20221118,09:26:32,42532.85,50,2418925
20221118,09:26:33,42533.00,25,2418925
20221118,09:26:35,42533.00,50,2418925
20221118,09:26:36,42533.00,25,2418925
20221118,09:26:38,42530.05,50,2418925
20221118,09:26:39,42535.00,100,2418925
20221118,09:26:42,42539.80,500,2418925
20221118,09:26:46,42527.75,400,2418925
20221118,09:26:47,42522.40,25,2418925
20221118,09:26:49,42521.90,150,2418925
20221118,09:26:50,42525.85,1000,2418925
20221118,09:26:52,42521.90,25,2418925
20221118,09:26:53,42517.00,25,2418925
20221118,09:26:55,42522.40,25,2418925
20221118,09:26:56,42515.55,25,2418925
20221118,09:26:58,42509.80,1150,2418925
20221118,09:27:01,42515.40,225,2418925
20221118,09:27:03,42512.90,200,2418925
20221118,09:27:04,42515.80,125,2418925
20221118,09:27:06,42514.45,500,2418925
20221118,09:27:08,42520.55,100,2418925
20221118,09:27:11,42518.65,100,2418925
20221118,09:27:13,42519.30,725,2418925
20221118,09:27:14,42519.00,25,2418925
20221118,09:27:16,42518.65,125,2418925
20221118,09:27:19,42515.30,50,2418925
20221118,09:27:20,42515.65,200,2418925
20221118,09:27:22,42522.55,900,2418925
20221118,09:27:24,42518.00,100,2418925
20221118,09:27:25,42522.55,50,2418925
20221118,09:27:27,42518.15,50,2418925
20221118,09:27:30,42519.10,50,2418925
20221118,09:27:32,42523.95,125,2418925
20221118,09:27:35,42519.95,100,2418925
20221118,09:27:37,42515.00,50,2418925
20221118,09:27:38,42515.00,50,2418925
20221118,09:27:43,42516.05,250,2418925
20221118,09:27:46,42519.95,25,2418925
20221118,09:27:47,42515.95,25,2418925
20221118,09:27:49,42519.85,175,2418925
20221118,09:27:57,42513.00,200,2418925
20221118,09:27:58,42520.00,700,2418925
20221118,09:28:00,42519.00,25,2418925
20221118,09:28:01,42520.00,50,2418925
20221118,09:28:06,42512.00,100,2418925
20221118,09:28:08,42515.25,50,2418925
20221118,09:28:11,42511.05,200,2418925
20221118,09:28:12,42515.00,150,2418925
20221118,09:28:14,42520.00,75,2418925
20221118,09:28:17,42514.15,25,2418925
20221118,09:28:19,42518.55,175,2418925
20221118,09:28:20,42513.05,25,2418925
20221118,09:28:22,42513.05,50,2418925
20221118,09:28:23,42511.10,50,2418925
20221118,09:28:26,42520.00,50,2418925
20221118,09:28:29,42513.10,50,2418925
20221118,09:28:34,42514.10,100,2418925
20221118,09:28:37,42517.55,25,2418925
20221118,09:28:39,42513.35,25,2418925
20221118,09:28:40,42511.55,250,2418925
20221118,09:28:42,42514.00,50,2418925
20221118,09:28:43,42517.35,50,2418925
20221118,09:28:45,42517.10,375,2418925
20221118,09:28:46,42508.00,500,2418925
20221118,09:28:48,42510.00,25,2418925
20221118,09:28:49,42511.95,225,2418925
20221118,09:28:51,42516.75,25,2418925
20221118,09:28:53,42517.00,75,2418925
20221118,09:28:54,42521.00,175,2418925
20221118,09:28:56,42521.30,25,2418925
20221118,09:29:00,42521.80,125,2418925
20221118,09:29:03,42517.55,125,2418925
20221118,09:29:05,42515.00,100,2418925
20221118,09:29:06,42513.30,50,2418925
20221118,09:29:08,42513.30,275,2418925
20221118,09:29:09,42512.30,125,2418925
20221118,09:29:11,42515.00,50,2418925
20221118,09:29:12,42510.00,575,2418925
20221118,09:29:14,42516.40,900,2418925
20221118,09:29:16,42513.00,150,2418925
20221118,09:29:17,42513.00,200,2418925
20221118,09:29:20,42513.85,150,2418925
20221118,09:29:21,42510.00,50,2418925
20221118,09:29:23,42507.35,75,2418925
20221118,09:29:24,42509.60,500,2418925
20221118,09:29:26,42508.20,200,2421500
20221118,09:29:27,42508.35,75,2421500
20221118,09:29:29,42510.00,25,2421500
20221118,09:29:30,42509.95,1200,2421500
20221118,09:29:33,42515.00,50,2421500
20221118,09:29:35,42515.00,25,2421500
20221118,09:29:36,42510.00,25,2421500
20221118,09:29:37,42510.80,100,2421500
20221118,09:29:40,42510.35,725,2421500
20221118,09:29:43,42515.00,25,2421500
20221118,09:29:44,42516.55,50,2421500
20221118,09:29:47,42512.05,150,2421500
20221118,09:29:51,42516.30,25,2421500
20221118,09:29:52,42516.30,125,2421500
20221118,09:29:54,42512.05,25,2421500
20221118,09:29:55,42516.15,50,2421500
20221118,09:29:58,42512.40,175,2421500
20221118,09:30:00,42510.85,775,2421500
20221118,09:30:01,42518.50,325,2421500
20221118,09:30:03,42520.00,125,2421500
20221118,09:30:04,42515.90,75,2421500
20221118,09:30:06,42517.60,675,2421500
20221118,09:30:07,42515.50,75,2421500
20221118,09:30:09,42516.30,125,2421500
20221118,09:30:10,42510.05,175,2421500
20221118,09:30:13,42511.50,100,2421500
20221118,09:30:15,42506.55,200,2421500
20221118,09:30:17,42507.55,975,2421500
20221118,09:30:18,42509.90,25,2421500
20221118,09:30:20,42506.05,100,2421500
20221118,09:30:21,42512.40,50,2421500
20221118,09:30:23,42505.20,225,2421500
20221118,09:30:24,42505.70,50,2421500
20221118,09:30:26,42512.15,200,2421500
20221118,09:30:27,42507.35,75,2421500
20221118,09:30:30,42512.00,75,2421500
20221118,09:30:33,42512.00,25,2421500
20221118,09:30:34,42515.70,75,2421500
20221118,09:30:36,42514.40,150,2421500
20221118,09:30:37,42514.65,25,2421500
20221118,09:30:39,42517.75,50,2421500
20221118,09:30:40,42517.75,50,2421500
20221118,09:30:43,42516.80,75,2421500
20221118,09:30:45,42518.15,25,2421500
20221118,09:30:46,42517.75,150,2421500
20221118,09:30:47,42515.70,125,2421500
20221118,09:30:50,42515.75,100,2421500
20221118,09:30:52,42522.55,475,2421500
20221118,09:30:53,42524.70,50,2421500
20221118,09:30:55,42522.45,275,2421500
20221118,09:30:58,42522.45,25,2421500
20221118,09:31:00,42524.50,25,2421500
20221118,09:31:01,42524.55,50,2421500
20221118,09:31:03,42524.75,150,2421500
20221118,09:31:04,42529.70,150,2421500
20221118,09:31:06,42520.00,2350,2421500
20221118,09:31:07,42526.60,350,2421500
20221118,09:31:09,42521.25,50,2421500
20221118,09:31:10,42522.15,25,2421500
20221118,09:31:14,42528.00,25,2421500
20221118,09:31:15,42526.35,50,2421500
20221118,09:31:17,42529.90,25,2421500
20221118,09:31:18,42529.90,50,2421500
20221118,09:31:20,42529.90,50,2421500
20221118,09:31:22,42526.85,25,2421500
20221118,09:31:23,42527.50,75,2421500
20221118,09:31:25,42529.90,100,2421500
20221118,09:31:26,42530.00,50,2421500
20221118,09:31:28,42529.45,50,2421500
20221118,09:31:31,42528.45,50,2421500
20221118,09:31:32,42530.10,575,2421500
20221118,09:31:34,42531.50,25,2421500
20221118,09:31:36,42532.00,25,2421500
20221118,09:31:37,42538.00,75,2421500
20221118,09:31:39,42535.25,925,2421500
20221118,09:31:40,42537.50,375,2421500
20221118,09:31:44,42531.55,975,2421500
20221118,09:31:47,42527.25,600,2421500
20221118,09:31:48,42531.55,25,2421500
20221118,09:31:53,42533.00,175,2421500
20221118,09:31:55,42536.00,75,2421500
20221118,09:31:56,42538.95,150,2421500
20221118,09:31:58,42538.95,50,2421500
20221118,09:31:59,42536.80,1300,2421500
20221118,09:32:01,42531.35,25,2421500
20221118,09:32:02,42537.15,325,2421500
20221118,09:32:07,42537.00,350,2421500
20221118,09:32:08,42540.00,50,2421500
20221118,09:32:11,42539.00,50,2421500
20221118,09:32:13,42539.00,50,2421500
20221118,09:32:14,42539.75,75,2421500
20221118,09:32:18,42539.00,25,2421500
20221118,09:32:19,42540.00,125,2421500
20221118,09:32:21,42541.10,175,2421500
20221118,09:32:22,42542.00,825,2421500
20221118,09:32:24,42539.75,75,2421500
20221118,09:32:25,42534.00,75,2421500
20221118,09:32:27,42533.00,50,2421625
20221118,09:32:28,42521.55,175,2421625
20221118,09:32:32,42526.55,25,2421625
20221118,09:32:33,42513.50,1125,2421625
20221118,09:32:35,42511.10,100,2421625
20221118,09:32:36,42512.00,500,2421625
20221118,09:32:38,42513.95,100,2421625
20221118,09:32:40,42505.05,50,2421625
20221118,09:32:41,42511.30,75,2421625
20221118,09:32:43,42507.80,25,2421625
20221118,09:32:44,42507.85,25,2421625
20221118,09:32:46,42505.15,50,2421625
20221118,09:32:47,42507.40,100,2421625
20221118,09:32:49,42507.90,200,2421625
20221118,09:32:51,42512.35,25,2421625
20221118,09:32:52,42514.60,75,2421625
20221118,09:32:54,42515.10,25,2421625
20221118,09:32:55,42514.45,25,2421625
20221118,09:32:57,42507.85,150,2421625
20221118,09:32:58,42510.05,50,2421625
20221118,09:33:00,42514.00,250,2421625
20221118,09:33:01,42517.00,150,2421625
20221118,09:33:03,42510.35,100,2421625
20221118,09:33:05,42514.00,200,2421625
20221118,09:33:08,42514.10,25,2421625
20221118,09:33:09,42512.05,75,2421625
20221118,09:33:11,42514.00,125,2421625
20221118,09:33:13,42521.65,325,2421625
20221118,09:33:14,42517.45,50,2421625
20221118,09:33:16,42517.45,25,2421625
20221118,09:33:17,42517.45,125,2421625
20221118,09:33:19,42512.40,375,2421625
20221118,09:33:21,42512.10,75,2421625
20221118,09:33:24,42516.35,75,2421625
20221118,09:33:26,42522.10,25,2421625
20221118,09:33:27,42525.95,125,2421625
20221118,09:33:32,42522.20,50,2421625
20221118,09:33:36,42520.00,50,2421625
20221118,09:33:38,42515.75,150,2421625
20221118,09:33:39,42515.00,125,2421625
20221118,09:33:41,42517.15,25,2421625
20221118,09:33:42,42517.15,350,2421625
20221118,09:33:44,42515.00,25,2421625
20221118,09:33:47,42515.00,50,2421625
20221118,09:33:49,42511.00,25,2421625
20221118,09:33:50,42510.55,75,2421625
20221118,09:33:52,42510.05,300,2421625
20221118,09:33:53,42515.40,200,2421625
20221118,09:33:55,42513.90,125,2421625
20221118,09:33:56,42510.00,175,2421625
20221118,09:33:58,42507.85,175,2421625
20221118,09:34:00,42506.00,125,2421625
20221118,09:34:01,42506.35,100,2421625
20221118,09:34:03,42510.00,300,2421625
20221118,09:34:05,42515.50,525,2421625
20221118,09:34:06,42517.10,150,2421625
20221118,09:34:08,42514.30,325,2421625
20221118,09:34:09,42515.50,50,2421625
20221118,09:34:11,42515.50,675,2421625
20221118,09:34:14,42516.35,75,2421625
20221118,09:34:18,42516.30,25,2421625
20221118,09:34:19,42515.50,100,2421625
20221118,09:34:21,42514.95,50,2421625
20221118,09:34:22,42519.00,50,2421625
20221118,09:34:24,42520.75,250,2421625
20221118,09:34:27,42522.55,50,2421625
20221118,09:34:28,42522.60,50,2421625
20221118,09:34:30,42517.65,25,2421625
20221118,09:34:33,42521.70,125,2421625
20221118,09:34:35,42525.00,50,2421625
20221118,09:34:36,42519.25,1900,2421625
20221118,09:34:38,42524.75,2125,2421625
20221118,09:34:41,42525.45,50,2421625
20221118,09:34:43,42522.05,25,2421625
20221118,09:34:44,42524.10,100,2421625
20221118,09:34:46,42526.60,225,2421625
20221118,09:34:47,42516.45,375,2421625
20221118,09:34:49,42516.30,275,2421625
20221118,09:34:51,42523.30,150,2421625
20221118,09:34:52,42523.00,25,2421625
20221118,09:34:54,42523.70,75,2421625
20221118,09:34:56,42521.60,50,2421625
20221118,09:34:57,42515.75,50,2421625
20221118,09:34:59,42525.90,7200,2421625
20221118,09:35:00,42520.60,100,2421625
20221118,09:35:02,42520.00,175,2421625
20221118,09:35:03,42520.25,50,2421625
20221118,09:35:08,42518.05,75,2421625
20221118,09:35:10,42527.60,425,2421625
20221118,09:35:11,42523.00,6975,2421625
20221118,09:35:13,42530.40,1200,2421625
20221118,09:35:16,42525.70,50,2421625
20221118,09:35:17,42527.15,25,2421625
20221118,09:35:19,42528.45,50,2421625
20221118,09:35:22,42529.05,425,2421625
20221118,09:35:25,42531.75,2725,2421625
20221118,09:35:26,42530.00,25,2421625
20221118,09:35:28,42529.25,75,2435850
20221118,09:35:29,42532.00,50,2435850
20221118,09:35:31,42527.00,175,2435850
20221118,09:35:32,42526.90,125,2435850
20221118,09:35:34,42529.80,50,2435850
20221118,09:35:37,42526.00,175,2435850
20221118,09:35:40,42532.10,150,2435850
20221118,09:35:41,42520.05,150,2435850
20221118,09:35:43,42520.00,250,2435850
20221118,09:35:46,42523.95,125,2435850
20221118,09:35:47,42520.15,250,2435850
20221118,09:35:49,42526.00,25,2435850
20221118,09:35:50,42525.15,125,2435850
20221118,09:35:53,42525.00,4275,2435850
20221118,09:35:54,42522.90,5325,2435850
20221118,09:35:56,42532.95,1950,2435850
20221118,09:35:59,42530.95,1325,2435850
20221118,09:36:01,42526.70,25,2435850
20221118,09:36:03,42525.95,3975,2435850
20221118,09:36:04,42528.55,50,2435850
20221118,09:36:07,42522.10,2800,2435850
20221118,09:36:08,42522.00,25,2435850
20221118,09:36:10,42520.00,25,2435850
20221118,09:36:11,42519.95,75,2435850
20221118,09:36:16,42524.95,1725,2435850
20221118,09:36:17,42525.65,25,2435850
20221118,09:36:20,42524.95,25,2435850
20221118,09:36:21,42531.90,3075,2435850
20221118,09:36:27,42525.40,500,2435850
20221118,09:36:28,42524.75,50,2435850
20221118,09:36:32,42522.05,50,2435850
20221118,09:36:34,42526.40,50,2435850
20221118,09:36:35,42523.70,125,2435850
20221118,09:36:38,42519.95,75,2435850
20221118,09:36:42,42520.00,100,2435850
20221118,09:36:43,42518.05,25,2435850
20221118,09:36:44,42519.05,25,2435850
20221118,09:36:46,42520.25,50,2435850
20221118,09:36:47,42518.05,25,2435850
20221118,09:36:51,42523.00,25,2435850
20221118,09:36:52,42520.25,25,2435850
20221118,09:36:53,42522.10,25,2435850
20221118,09:36:55,42523.80,25,2435850
20221118,09:37:00,42525.00,50,2435850
20221118,09:37:01,42527.00,275,2435850
20221118,09:37:04,42520.25,100,2435850
20221118,09:37:06,42523.10,75,2435850
20221118,09:37:07,42521.70,25,2435850
20221118,09:37:09,42523.10,100,2435850
20221118,09:37:10,42511.25,700,2435850
20221118,09:37:12,42511.80,75,2435850
20221118,09:37:13,42511.95,200,2435850
20221118,09:37:15,42514.50,125,2435850
20221118,09:37:16,42516.30,50,2435850
20221118,09:37:18,42513.00,75,2435850
20221118,09:37:19,42519.80,75,2435850
20221118,09:37:21,42522.30,75,2435850
20221118,09:37:25,42513.45,225,2435850
20221118,09:37:26,42512.30,100,2435850
20221118,09:37:29,42516.90,50,2435850
20221118,09:37:31,42511.80,50,2435850
20221118,09:37:32,42512.30,25,2435850
20221118,09:37:34,42513.35,50,2435850
20221118,09:37:35,42510.00,75,2435850
20221118,09:37:37,42510.00,50,2435850
20221118,09:37:39,42512.00,50,2435850
20221118,09:37:41,42513.75,50,2435850
20221118,09:37:43,42514.90,25,2435850
20221118,09:37:44,42512.45,50,2435850
20221118,09:37:45,42512.30,25,2435850
20221118,09:37:47,42511.05,200,2435850
20221118,09:37:48,42511.00,50,2435850
20221118,09:37:50,42510.00,50,2435850
20221118,09:37:52,42510.00,50,2435850
20221118,09:37:53,42510.00,25,2435850
20221118,09:37:54,42505.80,150,2435850
20221118,09:37:56,42509.30,150,2435850
20221118,09:37:58,42511.00,475,2435850
20221118,09:37:59,42515.00,100,2435850
20221118,09:38:00,42509.05,125,2435850
20221118,09:38:02,42515.00,125,2435850
20221118,09:38:03,42513.70,325,2435850
20221118,09:38:05,42518.50,150,2435850
20221118,09:38:07,42518.20,75,2435850
20221118,09:38:08,42515.00,25,2435850
20221118,09:38:10,42520.00,25,2435850
20221118,09:38:15,42525.00,150,2435850
20221118,09:38:16,42526.00,100,2435850
20221118,09:38:18,42529.70,125,2435850
20221118,09:38:19,42525.95,25,2435850
20221118,09:38:21,42530.75,525,2435850
20221118,09:38:22,42530.30,1650,2435850
20221118,09:38:24,42525.95,175,2435850
20221118,09:38:25,42527.50,100,2435850
20221118,09:38:27,42527.90,25,2435850
20221118,09:38:28,42527.90,25,2462025
20221118,09:38:31,42527.45,2725,2462025
20221118,09:38:33,42527.45,25,2462025
20221118,09:38:34,42529.00,25,2462025
20221118,09:38:36,42530.00,75,2462025
20221118,09:38:37,42530.00,125,2462025
20221118,09:38:39,42530.30,100,2462025
20221118,09:38:40,42523.45,1075,2462025
20221118,09:38:42,42530.30,150,2462025
20221118,09:38:43,42531.00,25,2462025
20221118,09:38:47,42534.85,1475,2462025
20221118,09:38:48,42527.75,3025,2462025
20221118,09:38:50,42522.05,2600,2462025
20221118,09:38:51,42528.45,2475,2462025
20221118,09:38:53,42524.75,125,2462025
20221118,09:38:54,42518.65,150,2462025
20221118,09:38:57,42523.10,175,2462025
20221118,09:39:00,42525.40,50,2462025
20221118,09:39:02,42516.55,325,2462025
20221118,09:39:03,42521.15,200,2462025
20221118,09:39:05,42525.70,2075,2462025
20221118,09:39:07,42518.70,475,2462025
20221118,09:39:08,42516.00,250,2462025
20221118,09:39:10,42527.05,1925,2462025
20221118,09:39:13,42525.60,25,2462025
20221118,09:39:16,42519.80,75,2462025
20221118,09:39:17,42527.15,1200,2462025
20221118,09:39:19,42525.45,25,2462025
20221118,09:39:20,42526.45,50,2462025
20221118,09:39:22,42525.90,100,2462025
20221118,09:39:23,42525.90,950,2462025
20221118,09:39:26,42517.40,100,2462025
20221118,09:39:27,42521.65,400,2462025
20221118,09:39:29,42525.10,100,2462025
20221118,09:39:31,42521.30,25,2462025
20221118,09:39:32,42525.25,100,2462025
20221118,09:39:34,42524.15,525,2462025
20221118,09:39:35,42522.85,75,2462025
20221118,09:39:37,42524.40,550,2462025
20221118,09:39:38,42529.05,125,2462025
20221118,09:39:40,42529.00,250,2462025
20221118,09:39:41,42526.50,500,2462025
20221118,09:39:44,42529.00,75,2462025
20221118,09:39:46,42530.95,75,2462025
20221118,09:39:47,42526.00,475,2462025
20221118,09:39:48,42532.90,25,2462025
20221118,09:39:51,42529.00,75,2462025
20221118,09:39:53,42530.50,75,2462025
20221118,09:39:54,42528.35,50,2462025
20221118,09:39:56,42528.45,975,2462025
20221118,09:39:57,42529.95,50,2462025
20221118,09:40:02,42529.90,25,2462025
20221118,09:40:05,42532.90,625,2462025
20221118,09:40:08,42531.65,200,2462025
20221118,09:40:10,42529.85,150,2462025
20221118,09:40:12,42532.20,275,2462025
20221118,09:40:13,42534.85,200,2462025
20221118,09:40:15,42534.60,275,2462025
20221118,09:40:16,42535.05,125,2462025
20221118,09:40:18,42533.95,200,2462025
20221118,09:40:20,42533.95,150,2462025
20221118,09:40:21,42534.00,50,2462025
20221118,09:40:23,42535.10,125,2462025
20221118,09:40:24,42536.00,75,2462025
20221118,09:40:26,42535.45,100,2462025
20221118,09:40:27,42534.95,400,2462025
20221118,09:40:29,42535.05,25,2462025
20221118,09:40:31,42537.85,125,2462025
20221118,09:40:32,42537.85,25,2462025
20221118,09:40:34,42537.10,75,2462025
20221118,09:40:35,42537.75,25,2462025
20221118,09:40:37,42535.25,625,2462025
20221118,09:40:38,42537.65,75,2462025
20221118,09:40:40,42536.50,125,2462025
20221118,09:40:41,42535.05,50,2462025
20221118,09:40:43,42534.00,50,2462025
20221118,09:40:44,42536.20,50,2462025
20221118,09:40:46,42538.45,200,2462025
20221118,09:40:48,42537.30,350,2462025
20221118,09:40:49,42539.45,425,2462025
20221118,09:40:51,42539.70,175,2462025
20221118,09:40:52,42539.90,75,2462025
20221118,09:40:54,42539.65,50,2462025
20221118,09:40:55,42538.50,50,2462025
20221118,09:40:57,42539.00,25,2462025
20221118,09:40:59,42539.00,50,2462025
20221118,09:41:00,42543.00,1275,2462025
20221118,09:41:02,42542.85,25,2462025
20221118,09:41:03,42543.95,275,2462025
20221118,09:41:05,42540.00,150,2462025
20221118,09:41:06,42531.80,1500,2462025
20221118,09:41:08,42530.00,675,2462025
20221118,09:41:10,42534.50,225,2462025
20221118,09:41:11,42536.10,125,2462025
20221118,09:41:13,42526.85,75,2462025
20221118,09:41:14,42528.10,200,2462025
20221118,09:41:16,42533.55,500,2462025
20221118,09:41:17,42530.05,200,2462025
20221118,09:41:19,42536.85,125,2462025
20221118,09:41:20,42538.90,75,2462025
20221118,09:41:22,42540.00,25,2462025
20221118,09:41:25,42539.90,50,2462025
20221118,09:41:27,42539.00,200,2462025
20221118,09:41:28,42540.80,50,2483025
20221118,09:41:30,42541.00,275,2483025
20221118,09:41:31,42539.95,300,2483025
20221118,09:41:33,42538.55,575,2483025
20221118,09:41:34,42538.55,625,2483025
20221118,09:41:36,42540.00,650,2483025
20221118,09:41:37,42538.25,350,2483025
20221118,09:41:39,42540.60,450,2483025
20221118,09:41:40,42538.05,275,2483025
20221118,09:41:42,42539.30,450,2483025
20221118,09:41:43,42540.00,350,2483025
20221118,09:41:45,42538.30,375,2483025
20221118,09:41:46,42526.85,775,2483025
20221118,09:41:48,42533.55,625,2483025
20221118,09:41:49,42531.05,150,2483025
20221118,09:41:51,42534.10,100,2483025
20221118,09:41:52,42538.00,25,2483025
20221118,09:41:54,42535.00,175,2483025
20221118,09:41:55,42535.05,25,2483025
20221118,09:41:57,42539.95,125,2483025
20221118,09:41:58,42538.50,400,2483025
20221118,09:42:00,42539.95,150,2483025
20221118,09:42:01,42541.80,1200,2483025
20221118,09:42:03,42539.95,150,2483025
20221118,09:42:05,42539.15,275,2483025
20221118,09:42:06,42537.60,575,2483025
20221118,09:42:08,42536.80,200,2483025
20221118,09:42:11,42540.00,325,2483025
20221118,09:42:13,42539.50,150,2483025
20221118,09:42:15,42539.25,75,2483025
20221118,09:42:16,42538.40,50,2483025
20221118,09:42:18,42539.50,225,2483025
20221118,09:42:21,42539.35,125,2483025
20221118,09:42:22,42539.90,350,2483025
20221118,09:42:24,42537.95,175,2483025
20221118,09:42:25,42539.90,300,2483025
20221118,09:42:27,42537.45,300,2483025
20221118,09:42:29,42537.95,150,2483025
20221118,09:42:30,42531.05,250,2483025
20221118,09:42:32,42538.20,125,2483025
20221118,09:42:33,42538.85,50,2483025
20221118,09:42:35,42537.95,125,2483025
20221118,09:42:36,42538.05,50,2483025
20221118,09:42:38,42535.15,450,2483025
20221118,09:42:40,42533.05,50,2483025
20221118,09:42:41,42533.05,925,2483025
20221118,09:42:43,42534.70,150,2483025
20221118,09:42:45,42533.05,25,2483025
20221118,09:42:46,42531.05,75,2483025
20221118,09:42:48,42531.00,50,2483025
20221118,09:42:49,42535.10,75,2483025
20221118,09:42:51,42530.00,125,2483025
20221118,09:42:53,42533.15,25,2483025
20221118,09:42:54,42533.95,25,2483025
20221118,09:42:56,42537.65,50,2483025
20221118,09:42:57,42539.55,500,2483025
20221118,09:42:59,42537.25,250,2483025
20221118,09:43:01,42530.60,125,2483025
20221118,09:43:02,42530.35,50,2483025
20221118,09:43:04,42534.80,125,2483025
20221118,09:43:05,42534.85,25,2483025
20221118,09:43:07,42535.85,100,2483025
20221118,09:43:09,42532.90,75,2483025
20221118,09:43:10,42537.05,75,2483025
20221118,09:43:12,42536.80,75,2483025
20221118,09:43:13,42537.15,725,2483025
20221118,09:43:15,42538.00,50,2483025
20221118,09:43:16,42536.80,75,2483025
20221118,09:43:18,42540.05,175,2483025
20221118,09:43:20,42536.05,300,2483025
20221118,09:43:21,42534.85,25,2483025
20221118,09:43:28,42539.85,25,2483025
20221118,09:43:29,42539.95,75,2483025
20221118,09:43:31,42541.15,225,2483025
20221118,09:43:32,42540.40,50,2483025
20221118,09:43:34,42534.95,150,2483025
20221118,09:43:37,42539.80,75,2483025
20221118,09:43:39,42538.85,50,2483025
20221118,09:43:40,42539.90,75,2483025
20221118,09:43:42,42541.70,25,2483025
20221118,09:43:43,42540.00,100,2483025
20221118,09:43:45,42543.20,100,2483025
20221118,09:43:47,42542.00,250,2483025
20221118,09:43:48,42544.65,875,2483025
20221118,09:43:50,42544.05,100,2483025
20221118,09:43:51,42548.90,600,2483025
20221118,09:43:53,42549.00,375,2483025
20221118,09:43:55,42548.30,100,2483025
20221118,09:43:56,42546.85,125,2483025
20221118,09:43:58,42545.40,125,2483025
20221118,09:44:00,42546.20,75,2483025
20221118,09:44:01,42545.00,75,2483025
20221118,09:44:03,42546.25,150,2483025
20221118,09:44:04,42547.15,100,2483025
20221118,09:44:07,42544.50,75,2483025
20221118,09:44:09,42542.05,125,2483025
20221118,09:44:10,42545.00,575,2483025
20221118,09:44:12,42541.95,300,2483025
20221118,09:44:13,42541.45,25,2483025
20221118,09:44:15,42541.30,25,2483025
20221118,09:44:16,42541.95,25,2483025
20221118,09:44:18,42541.95,25,2483025
20221118,09:44:19,42541.75,50,2483025
20221118,09:44:20,42541.75,75,2483025
20221118,09:44:23,42541.75,75,2483025
20221118,09:44:25,42541.75,25,2483025
20221118,09:44:26,42543.70,125,2483025
20221118,09:44:28,42542.90,450,2483025
20221118,09:44:29,42540.00,75,2491075
20221118,09:44:31,42542.15,25,2491075
20221118,09:44:32,42543.50,50,2491075
20221118,09:44:34,42540.35,100,2491075
20221118,09:44:35,42542.95,25,2491075
20221118,09:44:37,42544.00,25,2491075
20221118,09:44:38,42544.50,50,2491075
20221118,09:44:40,42545.10,125,2491075
20221118,09:44:41,42545.10,75,2491075
20221118,09:44:44,42546.05,50,2491075
20221118,09:44:45,42545.10,25,2491075
20221118,09:44:48,42547.05,50,2491075
20221118,09:44:50,42547.95,250,2491075
20221118,09:44:51,42545.00,75,2491075
20221118,09:44:53,42542.05,675,2491075
20221118,09:44:54,42548.35,150,2491075
20221118,09:44:55,42548.15,125,2491075
20221118,09:44:57,42548.15,25,2491075
20221118,09:44:58,42549.00,75,2491075
20221118,09:45:00,42554.00,1700,2491075
20221118,09:45:01,42553.90,250,2491075
20221118,09:45:03,42550.00,275,2491075
20221118,09:45:04,42549.00,125,2491075
20221118,09:45:06,42548.15,225,2491075
20221118,09:45:07,42551.50,75,2491075
20221118,09:45:09,42549.65,75,2491075
20221118,09:45:10,42545.75,125,2491075
20221118,09:45:12,42549.50,325,2491075
20221118,09:45:13,42548.90,50,2491075
20221118,09:45:15,42545.00,275,2491075
20221118,09:45:16,42545.75,375,2491075
20221118,09:45:18,42546.80,25,2491075
20221118,09:45:19,42545.50,175,2491075
20221118,09:45:21,42545.00,175,2491075
20221118,09:45:22,42546.45,250,2491075
20221118,09:45:24,42547.50,100,2491075
20221118,09:45:25,42546.50,675,2491075
20221118,09:45:26,42546.65,125,2491075
20221118,09:45:28,42545.15,50,2491075
20221118,09:45:29,42548.15,25,2491075
20221118,09:45:31,42550.00,175,2491075
20221118,09:45:32,42551.00,25,2491075
20221118,09:45:33,42553.95,100,2491075
20221118,09:45:35,42554.90,50,2491075
20221118,09:45:36,42554.90,525,2491075
20221118,09:45:38,42555.00,225,2491075
20221118,09:45:39,42561.00,1275,2491075
20221118,09:45:41,42561.60,150,2491075
20221118,09:45:42,42561.90,100,2491075
20221118,09:45:44,42555.60,200,2491075
20221118,09:45:45,42560.05,100,2491075
20221118,09:45:47,42560.95,125,2491075
20221118,09:45:48,42562.20,600,2491075
20221118,09:45:50,42556.35,200,2491075
20221118,09:45:52,42562.50,200,2491075
20221118,09:45:53,42556.20,225,2491075
20221118,09:45:55,42562.45,75,2491075
20221118,09:45:56,42558.75,725,2491075
20221118,09:45:58,42555.00,250,2491075
20221118,09:45:59,42558.80,50,2491075
20221118,09:46:00,42560.10,175,2491075
20221118,09:46:02,42560.90,225,2491075
20221118,09:46:04,42561.80,1525,2491075
20221118,09:46:05,42558.00,50,2491075
20221118,09:46:07,42561.00,175,2491075
20221118,09:46:08,42562.30,25,2491075
20221118,09:46:10,42565.00,425,2491075
20221118,09:46:11,42565.30,925,2491075
20221118,09:46:13,42566.55,200,2491075
20221118,09:46:15,42565.30,175,2491075
20221118,09:46:16,42562.30,575,2491075
20221118,09:46:18,42561.95,275,2491075
20221118,09:46:19,42565.00,250,2491075
20221118,09:46:21,42561.95,400,2491075
20221118,09:46:22,42566.60,150,2491075
20221118,09:46:24,42566.70,50,2491075
20221118,09:46:26,42566.45,75,2491075
20221118,09:46:27,42562.20,225,2491075
20221118,09:46:29,42564.10,425,2491075
20221118,09:46:31,42563.20,350,2491075
20221118,09:46:32,42566.90,275,2491075
20221118,09:46:34,42562.00,75,2491075
20221118,09:46:35,42560.00,600,2491075
20221118,09:46:37,42552.15,775,2491075
20221118,09:46:38,42556.05,100,2491075
20221118,09:46:40,42558.65,50,2491075
20221118,09:46:41,42555.15,25,2491075
20221118,09:46:43,42560.00,25,2491075
20221118,09:46:45,42564.95,675,2491075
20221118,09:46:46,42558.65,75,2491075
20221118,09:46:48,42563.55,125,2491075
20221118,09:46:49,42564.40,175,2491075
20221118,09:46:51,42558.75,50,2491075
20221118,09:46:52,42560.05,150,2491075
20221118,09:46:54,42557.00,175,2491075
20221118,09:46:55,42554.85,50,2491075
20221118,09:46:57,42560.10,25,2491075
20221118,09:47:00,42558.75,575,2491075
20221118,09:47:01,42559.60,50,2491075
20221118,09:47:03,42559.35,75,2491075
20221118,09:47:04,42559.60,200,2491075
20221118,09:47:07,42559.00,75,2491075
20221118,09:47:09,42559.85,300,2491075
20221118,09:47:10,42557.45,75,2491075
20221118,09:47:12,42558.00,75,2491075
20221118,09:47:13,42562.00,225,2491075
20221118,09:47:15,42560.00,50,2491075
20221118,09:47:17,42560.00,175,2491075
20221118,09:47:18,42563.85,200,2491075
20221118,09:47:20,42558.00,175,2491075
20221118,09:47:21,42562.45,425,2491075
20221118,09:47:23,42556.80,50,2491075
20221118,09:47:24,42565.65,175,2491075
20221118,09:47:26,42559.20,25,2491075
20221118,09:47:27,42559.10,100,2491075
20221118,09:47:29,42565.55,175,2498975
20221118,09:47:30,42559.45,125,2498975
20221118,09:47:32,42555.20,550,2498975
20221118,09:47:34,42556.65,100,2498975
20221118,09:47:35,42556.00,50,2498975
20221118,09:47:37,42560.00,50,2498975
20221118,09:47:38,42555.45,100,2498975
20221118,09:47:40,42560.00,25,2498975
20221118,09:47:43,42560.00,150,2498975
20221118,09:47:47,42555.20,75,2498975
20221118,09:47:49,42560.00,250,2498975
20221118,09:47:51,42556.05,100,2498975
20221118,09:47:52,42560.00,2550,2498975
20221118,09:47:54,42560.35,300,2498975
20221118,09:47:55,42560.00,25,2498975
20221118,09:47:57,42560.00,50,2498975
20221118,09:47:58,42560.00,50,2498975
20221118,09:48:00,42558.00,125,2498975
20221118,09:48:01,42560.00,425,2498975
20221118,09:48:03,42560.00,875,2498975
20221118,09:48:05,42562.80,50,2498975
20221118,09:48:06,42560.00,175,2498975
20221118,09:48:08,42564.40,75,2498975
20221118,09:48:09,42557.90,75,2498975
20221118,09:48:11,42564.40,225,2498975
20221118,09:48:13,42560.20,200,2498975
20221118,09:48:14,42560.00,25,2498975
20221118,09:48:16,42558.00,50,2498975
20221118,09:48:17,42557.05,150,2498975
20221118,09:48:19,42557.90,25,2498975
20221118,09:48:21,42560.00,75,2498975
20221118,09:48:22,42560.00,50,2498975
20221118,09:48:29,42560.00,150,2498975
20221118,09:48:30,42556.05,125,2498975
20221118,09:48:32,42560.20,1075,2498975
20221118,09:48:34,42559.75,250,2498975
20221118,09:48:35,42560.75,275,2498975
20221118,09:48:36,42555.20,50,2498975
20221118,09:48:38,42559.05,175,2498975
20221118,09:48:39,42559.15,50,2498975
20221118,09:48:43,42552.00,375,2498975
20221118,09:48:44,42550.50,225,2498975
20221118,09:48:46,42550.20,100,2498975
20221118,09:48:47,42550.20,25,2498975
20221118,09:48:51,42552.00,75,2498975
20221118,09:48:52,42551.20,50,2498975
20221118,09:48:54,42555.20,75,2498975
20221118,09:48:55,42558.50,250,2498975
20221118,09:48:59,42558.50,50,2498975
20221118,09:49:00,42555.30,25,2498975
20221118,09:49:02,42556.80,175,2498975
20221118,09:49:03,42561.00,150,2498975
20221118,09:49:05,42561.00,50,2498975
20221118,09:49:07,42560.25,100,2498975
20221118,09:49:08,42561.00,50,2498975
20221118,09:49:10,42560.30,50,2498975
20221118,09:49:12,42561.20,50,2498975
20221118,09:49:13,42562.20,200,2498975
20221118,09:49:15,42565.00,150,2498975
20221118,09:49:16,42563.60,200,2498975
20221118,09:49:18,42565.00,1000,2498975
20221118,09:49:20,42569.90,75,2498975
20221118,09:49:21,42568.00,2025,2498975
20221118,09:49:25,42571.85,250,2498975
20221118,09:49:26,42572.40,125,2498975
20221118,09:49:28,42570.10,50,2498975
20221118,09:49:29,42560.10,825,2498975
20221118,09:49:31,42564.75,25,2498975
20221118,09:49:33,42566.70,125,2498975
20221118,09:49:36,42567.30,50,2498975
20221118,09:49:38,42568.00,50,2498975
20221118,09:49:39,42567.75,350,2498975
20221118,09:49:41,42565.25,50,2498975
20221118,09:49:43,42569.60,75,2498975
20221118,09:49:46,42570.50,150,2498975
20221118,09:49:48,42565.20,125,2498975
20221118,09:49:49,42565.20,125,2498975
20221118,09:49:51,42568.00,50,2498975
20221118,09:49:52,42571.70,50,2498975
20221118,09:49:54,42567.70,150,2498975
20221118,09:49:56,42563.35,325,2498975
20221118,09:49:57,42563.55,50,2498975
20221118,09:49:59,42564.00,100,2498975
20221118,09:50:00,42568.50,200,2498975
20221118,09:50:02,42569.10,75,2498975
20221118,09:50:03,42568.65,150,2498975
20221118,09:50:05,42563.15,325,2498975
20221118,09:50:06,42565.90,200,2498975
20221118,09:50:08,42560.50,50,2498975
20221118,09:50:10,42565.25,25,2498975
20221118,09:50:11,42562.95,150,2498975
20221118,09:50:13,42560.20,125,2498975
20221118,09:50:16,42563.35,225,2498975
20221118,09:50:17,42563.00,275,2498975
20221118,09:50:19,42562.65,25,2498975
20221118,09:50:20,42560.20,50,2498975
20221118,09:50:22,42560.40,25,2498975
20221118,09:50:24,42561.80,75,2498975
20221118,09:50:25,42563.45,25,2498975
20221118,09:50:26,42560.20,75,2498975
20221118,09:50:29,42562.00,100,2506625
20221118,09:50:31,42560.20,125,2506625
20221118,09:50:32,42563.00,250,2506625
20221118,09:50:34,42560.00,300,2506625
20221118,09:50:35,42559.55,100,2506625
20221118,09:50:37,42557.05,75,2506625
20221118,09:50:38,42554.60,325,2506625
20221118,09:50:40,42556.10,200,2506625
20221118,09:50:42,42558.55,75,2506625
20221118,09:50:43,42557.30,575,2506625
20221118,09:50:46,42555.60,75,2506625
20221118,09:50:48,42555.75,25,2506625
20221118,09:50:49,42550.00,75,2506625
20221118,09:50:51,42550.00,50,2506625
20221118,09:50:52,42550.00,125,2506625
20221118,09:50:55,42555.60,25,2506625
20221118,09:50:57,42551.20,250,2506625
20221118,09:50:58,42555.00,25,2506625
20221118,09:51:00,42556.00,50,2506625
20221118,09:51:06,42557.70,200,2506625
20221118,09:51:07,42555.20,750,2506625
20221118,09:51:09,42560.05,25,2506625
20221118,09:51:11,42554.60,400,2506625
20221118,09:51:12,42560.00,50,2506625
20221118,09:51:15,42558.20,675,2506625
20221118,09:51:17,42564.85,175,2506625
20221118,09:51:18,42563.30,100,2506625
20221118,09:51:20,42566.25,200,2506625
20221118,09:51:22,42564.85,100,2506625
20221118,09:51:23,42567.60,125,2506625
20221118,09:51:25,42568.00,225,2506625
20221118,09:51:26,42567.45,75,2506625
20221118,09:51:28,42565.20,150,2506625
20221118,09:51:29,42567.45,125,2506625
20221118,09:51:31,42567.85,25,2506625
20221118,09:51:32,42567.20,350,2506625
20221118,09:51:34,42566.60,50,2506625
20221118,09:51:36,42567.80,75,2506625
20221118,09:51:37,42568.00,50,2506625
20221118,09:51:39,42569.05,25,2506625
20221118,09:51:40,42568.20,100,2506625
20221118,09:51:42,42569.20,25,2506625
20221118,09:51:43,42571.75,375,2506625
20221118,09:51:45,42575.00,575,2506625
20221118,09:51:47,42576.10,1025,2506625
20221118,09:51:48,42577.25,475,2506625
20221118,09:51:50,42576.05,25,2506625
20221118,09:51:52,42572.70,550,2506625
20221118,09:51:53,42577.85,150,2506625
20221118,09:51:55,42572.35,325,2506625
20221118,09:51:56,42577.25,125,2506625
20221118,09:51:58,42577.00,125,2506625
20221118,09:51:59,42572.35,450,2506625
20221118,09:52:01,42571.75,175,2506625
20221118,09:52:02,42575.75,900,2506625
20221118,09:52:04,42574.25,525,2506625
20221118,09:52:06,42576.60,350,2506625
20221118,09:52:07,42575.70,50,2506625
20221118,09:52:09,42574.65,400,2506625
20221118,09:52:10,42571.75,150,2506625
20221118,09:52:12,42571.00,200,2506625
20221118,09:52:14,42571.00,150,2506625
20221118,09:52:15,42572.25,75,2506625
20221118,09:52:17,42571.55,400,2506625
20221118,09:52:18,42570.20,200,2506625
20221118,09:52:20,42571.20,125,2506625
20221118,09:52:21,42572.40,100,2506625
20221118,09:52:24,42570.25,50,2506625
20221118,09:52:26,42570.20,25,2506625
20221118,09:52:28,42571.95,25,2506625
20221118,09:52:30,42570.75,875,2506625
20221118,09:52:31,42570.05,225,2506625
20221118,09:52:33,42571.30,200,2506625
20221118,09:52:35,42569.85,25,2506625
20221118,09:52:36,42570.95,50,2506625
20221118,09:52:38,42568.00,100,2506625
20221118,09:52:40,42568.00,75,2506625
20221118,09:52:41,42565.20,150,2506625
20221118,09:52:43,42563.00,150,2506625
20221118,09:52:44,42562.20,200,2506625
20221118,09:52:46,42563.55,50,2506625
20221118,09:52:51,42565.00,50,2506625
20221118,09:52:54,42560.25,25,2506625
20221118,09:52:56,42562.20,175,2506625
20221118,09:52:57,42560.05,175,2506625
20221118,09:52:59,42561.40,50,2506625
20221118,09:53:00,42560.95,175,2506625
20221118,09:53:02,42555.05,150,2506625
20221118,09:53:03,42550.15,350,2506625
20221118,09:53:05,42551.15,25,2506625
20221118,09:53:07,42555.05,75,2506625
20221118,09:53:08,42554.65,125,2506625
20221118,09:53:10,42556.35,50,2506625
20221118,09:53:11,42555.05,100,2506625
20221118,09:53:13,42556.20,25,2506625
20221118,09:53:14,42554.75,75,2506625
20221118,09:53:16,42555.80,75,2506625
20221118,09:53:17,42551.65,600,2506625
20221118,09:53:19,42556.20,75,2506625
20221118,09:53:21,42558.75,50,2506625
20221118,09:53:22,42555.55,275,2506625
20221118,09:53:24,42550.00,425,2506625
20221118,09:53:27,42550.20,75,2506625
20221118,09:53:29,42550.05,150,2506625
20221118,09:53:32,42555.50,25,2519625
20221118,09:53:33,42550.20,125,2519625
20221118,09:53:34,42550.20,225,2519625
20221118,09:53:36,42550.20,25,2519625
20221118,09:53:37,42553.30,575,2519625
20221118,09:53:39,42552.50,25,2519625
20221118,09:53:40,42550.05,100,2519625
20221118,09:53:42,42550.85,125,2519625
20221118,09:53:43,42555.00,25,2519625
20221118,09:53:45,42558.65,50,2519625
20221118,09:53:48,42556.50,25,2519625
20221118,09:53:50,42555.20,50,2519625
20221118,09:53:51,42555.95,125,2519625
20221118,09:53:53,42555.00,125,2519625
20221118,09:53:54,42552.95,150,2519625
20221118,09:53:56,42556.50,75,2519625
20221118,09:53:57,42556.50,75,2519625
20221118,09:53:59,42559.45,150,2519625
20221118,09:54:00,42560.00,75,2519625
20221118,09:54:02,42559.00,25,2519625
20221118,09:54:03,42558.40,300,2519625
20221118,09:54:05,42562.15,175,2519625
20221118,09:54:07,42565.40,75,2519625
20221118,09:54:08,42565.70,125,2519625
20221118,09:54:10,42561.15,175,2519625
20221118,09:54:12,42559.85,75,2519625
20221118,09:54:13,42555.20,200,2519625
20221118,09:54:15,42555.20,200,2519625
20221118,09:54:17,42557.45,50,2519625
20221118,09:54:18,42559.55,25,2519625
20221118,09:54:20,42559.70,125,2519625
20221118,09:54:22,42558.10,75,2519625
20221118,09:54:25,42558.80,150,2519625
20221118,09:54:26,42557.45,75,2519625
20221118,09:54:28,42557.80,50,2519625
20221118,09:54:30,42555.00,50,2519625
20221118,09:54:31,42554.95,25,2519625
20221118,09:54:33,42559.00,175,2519625
20221118,09:54:35,42560.00,200,2519625
20221118,09:54:36,42559.00,325,2519625
20221118,09:54:40,42558.85,250,2519625
20221118,09:54:41,42556.55,25,2519625
20221118,09:54:43,42558.85,550,2519625
20221118,09:54:45,42556.85,75,2519625
20221118,09:54:46,42558.90,25,2519625
20221118,09:54:48,42557.05,50,2519625
20221118,09:54:51,42555.25,25,2519625
20221118,09:54:53,42555.20,150,2519625
20221118,09:54:54,42555.20,25,2519625
20221118,09:54:57,42558.00,175,2519625
20221118,09:54:59,42553.00,125,2519625
20221118,09:55:01,42554.65,75,2519625
20221118,09:55:02,42550.00,225,2519625
20221118,09:55:04,42549.65,400,2519625
20221118,09:55:05,42548.00,50,2519625
20221118,09:55:07,42546.95,150,2519625
20221118,09:55:09,42545.00,125,2519625
20221118,09:55:12,42545.25,100,2519625
20221118,09:55:15,42545.20,75,2519625
20221118,09:55:17,42546.35,150,2519625
20221118,09:55:18,42545.20,50,2519625
20221118,09:55:20,42546.00,125,2519625
20221118,09:55:22,42546.00,750,2519625
20221118,09:55:23,42545.50,75,2519625
20221118,09:55:26,42545.00,250,2519625
20221118,09:55:28,42538.25,425,2519625
20221118,09:55:30,42538.10,525,2519625
20221118,09:55:31,42538.15,75,2519625
20221118,09:55:33,42535.05,350,2519625
20221118,09:55:35,42536.70,375,2519625
20221118,09:55:37,42537.00,125,2519625
20221118,09:55:38,42536.90,125,2519625
20221118,09:55:40,42532.10,375,2519625
20221118,09:55:41,42535.60,350,2519625
20221118,09:55:43,42532.00,300,2519625
20221118,09:55:45,42533.30,125,2519625
20221118,09:55:46,42530.25,75,2519625
20221118,09:55:50,42534.50,50,2519625
20221118,09:55:51,42534.90,75,2519625
20221118,09:55:53,42534.50,75,2519625
20221118,09:55:55,42536.70,250,2519625
20221118,09:55:56,42535.00,200,2519625
20221118,09:55:58,42534.50,75,2519625
20221118,09:55:59,42538.10,200,2519625
20221118,09:56:01,42532.05,100,2519625
20221118,09:56:03,42536.90,50,2519625
20221118,09:56:04,42534.75,50,2519625
20221118,09:56:06,42533.85,250,2519625
20221118,09:56:07,42535.05,25,2519625
20221118,09:56:09,42533.15,75,2519625
20221118,09:56:10,42530.80,375,2519625
20221118,09:56:12,42530.05,425,2519625
20221118,09:56:13,42530.80,325,2519625
20221118,09:56:15,42533.85,250,2519625
20221118,09:56:17,42530.80,50,2519625
20221118,09:56:18,42530.80,300,2519625
20221118,09:56:20,42530.80,100,2519625
20221118,09:56:21,42531.00,50,2519625
20221118,09:56:22,42531.00,25,2519625
20221118,09:56:24,42531.65,150,2519625
20221118,09:56:25,42530.20,450,2519625
20221118,09:56:27,42530.20,100,2519625
20221118,09:56:28,42530.20,50,2519625
20221118,09:56:30,42530.00,200,2519625
20221118,09:56:31,42532.20,50,2521225
20221118,09:56:33,42529.90,50,2521225
20221118,09:56:34,42530.80,50,2521225
20221118,09:56:36,42532.00,150,2521225
20221118,09:56:37,42532.00,25,2521225
20221118,09:56:40,42532.00,25,2521225
20221118,09:56:42,42532.45,75,2521225
20221118,09:56:45,42535.00,50,2521225
20221118,09:56:46,42533.10,50,2521225
20221118,09:56:48,42533.75,100,2521225
20221118,09:56:51,42537.40,125,2521225
20221118,09:56:53,42542.95,100,2521225
20221118,09:56:54,42541.80,100,2521225
20221118,09:56:56,42541.40,75,2521225
20221118,09:56:57,42535.50,250,2521225
20221118,09:56:59,42538.45,125,2521225
20221118,09:57:00,42535.00,50,2521225
20221118,09:57:02,42533.80,150,2521225
20221118,09:57:03,42530.00,75,2521225
20221118,09:57:05,42533.70,400,2521225
20221118,09:57:06,42529.90,100,2521225
20221118,09:57:08,42532.60,25,2521225
20221118,09:57:10,42529.90,150,2521225
20221118,09:57:12,42531.85,50,2521225
20221118,09:57:13,42531.20,50,2521225
20221118,09:57:15,42530.30,175,2521225
20221118,09:57:16,42532.10,125,2521225
20221118,09:57:17,42528.05,25,2521225
20221118,09:57:21,42530.60,100,2521225
20221118,09:57:23,42528.00,50,2521225
20221118,09:57:24,42529.45,25,2521225
20221118,09:57:26,42528.60,50,2521225
20221118,09:57:27,42522.00,675,2521225
20221118,09:57:29,42522.00,75,2521225
20221118,09:57:30,42525.45,375,2521225
20221118,09:57:32,42522.00,150,2521225
20221118,09:57:33,42522.00,50,2521225
20221118,09:57:34,42520.10,25,2521225
20221118,09:57:36,42523.95,950,2521225
20221118,09:57:39,42520.95,1050,2521225
20221118,09:57:42,42515.00,325,2521225
20221118,09:57:43,42517.75,125,2521225
20221118,09:57:44,42515.15,25,2521225
20221118,09:57:46,42519.55,25,2521225
20221118,09:57:47,42513.00,50,2521225
20221118,09:57:49,42515.20,50,2521225
20221118,09:57:50,42515.20,25,2521225
20221118,09:57:53,42515.20,75,2521225
20221118,09:57:54,42520.00,125,2521225
20221118,09:57:57,42520.20,200,2521225
20221118,09:58:00,42525.25,100,2521225
20221118,09:58:02,42520.20,325,2521225
20221118,09:58:03,42523.00,50,2521225
20221118,09:58:05,42525.65,150,2521225
20221118,09:58:07,42525.25,150,2521225
20221118,09:58:10,42521.05,150,2521225
20221118,09:58:11,42529.40,700,2521225
20221118,09:58:13,42525.20,125,2521225
20221118,09:58:15,42525.20,75,2521225
20221118,09:58:19,42526.90,25,2521225
20221118,09:58:21,42526.70,125,2521225
20221118,09:58:22,42520.00,275,2521225
20221118,09:58:25,42521.20,175,2521225
20221118,09:58:28,42524.30,25,2521225
20221118,09:58:30,42520.20,125,2521225
20221118,09:58:31,42520.45,25,2521225
20221118,09:58:33,42525.00,125,2521225
20221118,09:58:34,42528.75,650,2521225
20221118,09:58:36,42525.20,75,2521225
20221118,09:58:37,42525.20,25,2521225
20221118,09:58:40,42526.90,25,2521225
20221118,09:58:42,42525.00,50,2521225
20221118,09:58:43,42527.10,75,2521225
20221118,09:58:45,42525.20,25,2521225
20221118,09:58:48,42528.15,225,2521225
20221118,09:58:50,42526.65,25,2521225
20221118,09:58:53,42525.25,25,2521225
20221118,09:58:54,42526.65,25,2521225
20221118,09:58:57,42525.20,250,2521225
20221118,09:58:59,42520.00,2600,2521225
20221118,09:59:00,42516.45,225,2521225
20221118,09:59:02,42521.95,100,2521225
20221118,09:59:04,42520.00,400,2521225
20221118,09:59:05,42520.00,125,2521225
20221118,09:59:07,42520.00,75,2521225
20221118,09:59:08,42515.75,100,2521225
20221118,09:59:10,42520.00,100,2521225
20221118,09:59:11,42520.00,675,2521225
20221118,09:59:13,42518.05,25,2521225
20221118,09:59:19,42516.15,25,2521225
20221118,09:59:22,42519.95,50,2521225
20221118,09:59:23,42518.20,175,2521225
20221118,09:59:25,42515.20,100,2521225
20221118,09:59:26,42515.20,75,2521225
20221118,09:59:28,42515.20,125,2521225
20221118,09:59:29,42517.05,175,2521225
20221118,09:59:31,42515.90,350,2526400
20221118,09:59:33,42513.30,75,2526400
20221118,09:59:34,42513.00,75,2526400
20221118,09:59:36,42513.30,175,2526400
20221118,09:59:37,42516.95,125,2526400
20221118,09:59:40,42520.00,1575,2526400
20221118,09:59:42,42521.95,25,2526400
20221118,09:59:45,42525.00,50,2526400
20221118,09:59:46,42525.00,750,2526400
20221118,09:59:48,42525.00,300,2526400
20221118,09:59:49,42520.55,375,2526400
20221118,09:59:50,42525.05,75,2526400
20221118,09:59:52,42525.65,50,2526400
20221118,09:59:53,42525.00,75,2526400
20221118,09:59:57,42530.00,425,2526400
20221118,09:59:58,42527.05,100,2526400
20221118,10:00:00,42529.80,100,2526400
20221118,10:00:01,42526.00,150,2526400
20221118,10:00:03,42525.65,1025,2526400
20221118,10:00:05,42523.60,325,2526400
20221118,10:00:06,42526.30,75,2526400
20221118,10:00:08,42521.40,50,2526400
20221118,10:00:09,42521.60,75,2526400
20221118,10:00:11,42528.90,25,2526400
20221118,10:00:12,42526.25,50,2526400
20221118,10:00:14,42530.05,75,2526400
20221118,10:00:15,42530.00,300,2526400
20221118,10:00:17,42531.65,25,2526400
20221118,10:00:18,42528.35,50,2526400
20221118,10:00:20,42528.35,125,2526400
20221118,10:00:21,42525.10,50,2526400
20221118,10:00:24,42529.35,25,2526400
20221118,10:00:26,42530.00,25,2526400
20221118,10:00:27,42530.70,100,2526400
20221118,10:00:29,42531.95,75,2526400
20221118,10:00:30,42530.20,100,2526400
20221118,10:00:32,42525.05,225,2526400
20221118,10:00:35,42522.00,300,2526400
20221118,10:00:36,42524.85,50,2526400
20221118,10:00:41,42525.05,50,2526400
20221118,10:00:44,42522.05,25,2526400
20221118,10:00:45,42525.00,75,2526400
20221118,10:00:49,42525.00,50,2526400
20221118,10:00:52,42525.20,400,2526400
20221118,10:00:55,42521.25,500,2526400
20221118,10:00:57,42521.00,25,2526400
20221118,10:00:58,42525.20,75,2526400
20221118,10:01:00,42520.45,50,2526400
20221118,10:01:01,42520.00,75,2526400
20221118,10:01:03,42520.20,50,2526400
20221118,10:01:05,42520.20,75,2526400
20221118,10:01:11,42520.25,75,2526400
20221118,10:01:12,42524.50,25,2526400
20221118,10:01:15,42519.80,275,2526400
20221118,10:01:17,42520.25,25,2526400
20221118,10:01:19,42515.05,250,2526400
20221118,10:01:20,42524.90,75,2526400
20221118,10:01:22,42524.95,25,2526400
20221118,10:01:24,42523.00,150,2526400
20221118,10:01:25,42519.10,50,2526400
20221118,10:01:27,42518.45,500,2526400
20221118,10:01:33,42518.00,325,2526400
20221118,10:01:35,42518.45,50,2526400
20221118,10:01:36,42516.70,275,2526400
20221118,10:01:38,42519.85,100,2526400
20221118,10:01:41,42519.85,100,2526400
20221118,10:01:44,42520.35,25,2526400
20221118,10:01:46,42521.85,300,2526400
20221118,10:01:49,42521.35,75,2526400
20221118,10:01:52,42519.85,50,2526400
20221118,10:01:54,42522.45,100,2526400
20221118,10:01:57,42518.45,175,2526400
20221118,10:01:59,42516.00,50,2526400
20221118,10:02:02,42518.90,325,2526400
20221118,10:02:03,42514.00,525,2526400
20221118,10:02:05,42516.55,1075,2526400
20221118,10:02:06,42517.00,75,2526400
20221118,10:02:08,42516.55,25,2526400
20221118,10:02:09,42520.00,200,2526400
20221118,10:02:11,42520.20,250,2526400
20221118,10:02:12,42520.00,150,2526400
20221118,10:02:15,42517.70,25,2526400
20221118,10:02:17,42516.55,25,2526400
20221118,10:02:18,42516.55,50,2526400
20221118,10:02:20,42516.55,50,2526400
20221118,10:02:23,42516.55,200,2526400
20221118,10:02:24,42512.00,100,2526400
20221118,10:02:26,42513.15,150,2526400
20221118,10:02:27,42513.10,50,2526400
20221118,10:02:28,42517.00,50,2526400
20221118,10:02:30,42517.70,25,2526400
20221118,10:02:32,42517.70,125,2530750
20221118,10:02:34,42516.55,25,2530750
20221118,10:02:38,42517.25,200,2530750
20221118,10:02:41,42516.70,125,2530750
20221118,10:02:44,42521.10,75,2530750
20221118,10:02:46,42520.20,25,2530750
20221118,10:02:47,42519.05,200,2530750
20221118,10:02:48,42517.15,25,2530750
20221118,10:02:50,42521.10,25,2530750
20221118,10:02:51,42521.10,25,2530750
20221118,10:02:53,42524.70,100,2530750
20221118,10:02:55,42523.50,125,2530750
20221118,10:02:58,42519.50,1050,2530750
20221118,10:03:00,42519.90,75,2530750
20221118,10:03:01,42510.60,950,2530750
20221118,10:03:03,42515.20,275,2530750
20221118,10:03:04,42515.65,150,2530750
20221118,10:03:08,42510.35,50,2530750
20221118,10:03:09,42510.25,25,2530750
20221118,10:03:11,42510.25,50,2530750
20221118,10:03:12,42515.80,100,2530750
20221118,10:03:14,42510.15,25,2530750
20221118,10:03:15,42510.20,25,2530750
20221118,10:03:19,42519.00,525,2530750
20221118,10:03:20,42512.70,100,2530750
20221118,10:03:22,42518.95,25,2530750
20221118,10:03:25,42513.95,25,2530750
20221118,10:03:28,42520.00,175,2530750
20221118,10:03:30,42516.35,550,2530750
20221118,10:03:31,42518.15,50,2530750
20221118,10:03:36,42520.35,25,2530750
20221118,10:03:38,42521.10,50,2530750
20221118,10:03:40,42520.20,25,2530750
20221118,10:03:43,42523.05,200,2530750
20221118,10:03:44,42521.75,50,2530750
20221118,10:03:51,42520.20,25,2530750
20221118,10:03:54,42515.05,275,2530750
20221118,10:04:00,42515.05,25,2530750
20221118,10:04:02,42515.25,125,2530750
20221118,10:04:05,42512.05,325,2530750
20221118,10:04:06,42518.40,575,2530750
20221118,10:04:08,42511.80,550,2530750
20221118,10:04:09,42515.00,50,2530750
20221118,10:04:11,42515.00,25,2530750
20221118,10:04:12,42515.00,225,2530750
20221118,10:04:13,42520.90,575,2530750
20221118,10:04:15,42513.35,25,2530750
20221118,10:04:21,42514.65,250,2530750
20221118,10:04:22,42516.50,25,2530750
20221118,10:04:24,42519.45,25,2530750
20221118,10:04:25,42519.45,25,2530750
20221118,10:04:27,42524.40,100,2530750
20221118,10:04:32,42525.00,175,2530750
20221118,10:04:35,42525.05,125,2530750
20221118,10:04:38,42526.15,75,2530750
20221118,10:04:40,42525.00,275,2530750
20221118,10:04:41,42530.00,1000,2530750
20221118,10:04:43,42526.15,25,2530750
20221118,10:04:45,42525.75,50,2530750
20221118,10:04:46,42530.00,25,2530750
20221118,10:04:49,42530.00,175,2530750
20221118,10:04:51,42530.00,75,2530750
20221118,10:04:53,42526.15,150,2530750
20221118,10:04:54,42526.15,25,2530750
20221118,10:04:56,42531.75,50,2530750
20221118,10:04:57,42531.65,25,2530750
20221118,10:05:00,42526.20,75,2530750
20221118,10:05:02,42531.65,150,2530750
20221118,10:05:03,42531.65,25,2530750
20221118,10:05:05,42533.00,150,2530750
20221118,10:05:08,42534.00,25,2530750
20221118,10:05:09,42535.00,150,2530750
20221118,10:05:11,42535.20,100,2530750
20221118,10:05:12,42536.00,25,2530750
20221118,10:05:14,42534.90,150,2530750
20221118,10:05:15,42531.70,800,2530750
20221118,10:05:17,42532.35,325,2530750
20221118,10:05:19,42528.10,625,2530750
20221118,10:05:20,42526.15,25,2530750
20221118,10:05:22,42528.80,900,2530750
20221118,10:05:25,42520.00,275,2530750
20221118,10:05:27,42520.00,100,2530750
20221118,10:05:28,42523.00,50,2530750
20221118,10:05:30,42522.35,275,2530750
20221118,10:05:32,42515.00,325,2530750
20221118,10:05:33,42517.05,25,2529875
20221118,10:05:35,42511.00,125,2529875
20221118,10:05:37,42518.05,100,2529875
20221118,10:05:40,42513.80,225,2529875
20221118,10:05:42,42512.40,675,2529875
20221118,10:05:43,42510.55,275,2529875
20221118,10:05:46,42519.35,325,2529875
20221118,10:05:48,42520.00,25,2529875
20221118,10:05:49,42517.20,50,2529875
20221118,10:05:51,42517.40,125,2529875
20221118,10:05:53,42517.30,25,2529875
20221118,10:05:56,42520.30,25,2529875
20221118,10:05:58,42511.00,475,2529875
20221118,10:06:04,42512.00,25,2529875
20221118,10:06:07,42515.00,50,2529875
20221118,10:06:08,42511.00,50,2529875
20221118,10:06:10,42510.00,975,2529875
20221118,10:06:12,42508.90,2450,2529875
20221118,10:06:13,42508.90,450,2529875
20221118,10:06:15,42508.15,75,2529875
20221118,10:06:16,42505.00,150,2529875
20221118,10:06:18,42511.25,50,2529875
20221118,10:06:20,42505.00,100,2529875
20221118,10:06:21,42510.00,750,2529875
20221118,10:06:27,42510.00,75,2529875
20221118,10:06:29,42511.25,50,2529875
20221118,10:06:32,42510.85,175,2529875
20221118,10:06:34,42505.00,150,2529875
20221118,10:06:35,42506.00,50,2529875
20221118,10:06:38,42506.00,50,2529875
20221118,10:06:40,42511.00,25,2529875
20221118,10:06:43,42506.15,175,2529875
20221118,10:06:45,42506.20,25,2529875
20221118,10:06:48,42505.15,375,2529875
20221118,10:06:49,42515.25,50,2529875
20221118,10:06:51,42514.65,75,2529875
20221118,10:06:54,42511.50,50,2529875
20221118,10:06:56,42508.60,150,2529875
20221118,10:06:57,42512.35,125,2529875
20221118,10:06:59,42512.40,50,2529875
20221118,10:07:03,42510.00,25,2529875
20221118,10:07:04,42507.05,100,2529875
20221118,10:07:08,42507.00,50,2529875
20221118,10:07:09,42511.65,25,2529875
20221118,10:07:12,42507.35,50,2529875
20221118,10:07:14,42515.00,50,2529875
20221118,10:07:15,42511.00,450,2529875
20221118,10:07:17,42515.00,25,2529875
20221118,10:07:18,42515.00,75,2529875
20221118,10:07:20,42508.80,175,2529875
20221118,10:07:21,42514.50,125,2529875
20221118,10:07:23,42509.00,25,2529875
20221118,10:07:24,42515.00,25,2529875
20221118,10:07:27,42515.00,50,2529875
20221118,10:07:29,42518.10,1000,2529875
20221118,10:07:37,42519.20,25,2529875
20221118,10:07:38,42519.20,100,2529875
20221118,10:07:40,42515.00,50,2529875
20221118,10:07:42,42515.00,50,2529875
20221118,10:07:43,42513.20,25,2529875
20221118,10:07:45,42510.00,75,2529875
20221118,10:07:51,42509.95,25,2529875
20221118,10:07:52,42509.95,25,2529875
20221118,10:07:55,42509.00,150,2529875
20221118,10:07:57,42509.00,75,2529875
20221118,10:08:03,42506.00,425,2529875
20221118,10:08:05,42509.25,400,2529875
20221118,10:08:06,42506.00,125,2529875
20221118,10:08:08,42506.00,50,2529875
20221118,10:08:13,42506.00,100,2529875
20221118,10:08:15,42507.85,275,2529875
20221118,10:08:16,42508.30,175,2529875
20221118,10:08:19,42510.00,75,2529875
20221118,10:08:21,42513.20,75,2529875
20221118,10:08:22,42513.20,150,2529875
20221118,10:08:24,42513.20,50,2529875
20221118,10:08:25,42514.95,50,2529875
20221118,10:08:30,42513.95,700,2529875
20221118,10:08:31,42510.80,50,2529875
20221118,10:08:35,42511.55,375,2529400
20221118,10:08:38,42505.00,50,2529400
20221118,10:08:41,42506.00,25,2529400
20221118,10:08:43,42505.00,175,2529400
20221118,10:08:44,42509.00,25,2529400
20221118,10:08:45,42510.70,50,2529400
20221118,10:08:51,42507.65,25,2529400
20221118,10:08:54,42505.00,25,2529400
20221118,10:08:56,42505.00,75,2529400
20221118,10:08:57,42508.10,325,2529400
20221118,10:09:00,42505.00,275,2529400
20221118,10:09:02,42504.00,600,2529400
20221118,10:09:03,42504.05,525,2529400
20221118,10:09:05,42496.90,2700,2529400
20221118,10:09:06,42494.10,200,2529400
20221118,10:09:08,42497.95,75,2529400
20221118,10:09:09,42498.00,25,2529400
20221118,10:09:11,42498.85,125,2529400
20221118,10:09:13,42498.90,200,2529400
20221118,10:09:16,42496.05,75,2529400
20221118,10:09:17,42494.00,25,2529400
20221118,10:09:19,42494.15,50,2529400
20221118,10:09:20,42500.00,500,2529400
20221118,10:09:22,42496.65,100,2529400
20221118,10:09:23,42497.05,25,2529400
20221118,10:09:25,42500.00,25,2529400
20221118,10:09:26,42496.05,25,2529400
20221118,10:09:27,42500.00,175,2529400
20221118,10:09:29,42500.00,100,2529400
20221118,10:09:30,42495.15,350,2529400
20221118,10:09:32,42495.10,25,2529400
20221118,10:09:33,42499.80,50,2529400
20221118,10:09:35,42496.15,150,2529400
20221118,10:09:38,42495.60,300,2529400
20221118,10:09:39,42495.75,150,2529400
20221118,10:09:41,42498.90,50,2529400
20221118,10:09:42,42495.75,75,2529400
20221118,10:09:44,42496.40,25,2529400
20221118,10:09:45,42500.00,200,2529400
20221118,10:09:48,42499.95,75,2529400
20221118,10:09:49,42500.00,75,2529400
20221118,10:09:50,42495.75,150,2529400
20221118,10:09:52,42495.75,75,2529400
20221118,10:09:53,42495.00,125,2529400
20221118,10:09:54,42495.00,50,2529400
20221118,10:09:56,42495.00,400,2529400
20221118,10:09:57,42498.85,25,2529400
20221118,10:09:58,42494.05,75,2529400
20221118,10:10:00,42494.00,175,2529400
20221118,10:10:01,42481.80,19700,2529400
20221118,10:10:03,42487.35,900,2529400
20221118,10:10:05,42487.05,600,2529400
20221118,10:10:06,42488.80,650,2529400
20221118,10:10:08,42486.40,825,2529400
20221118,10:10:10,42488.20,300,2529400
20221118,10:10:11,42488.75,1050,2529400
20221118,10:10:13,42488.75,925,2529400
20221118,10:10:14,42489.65,50,2529400
20221118,10:10:16,42490.00,25,2529400
20221118,10:10:18,42490.05,200,2529400
20221118,10:10:19,42490.10,1550,2529400
20221118,10:10:21,42490.40,750,2529400
20221118,10:10:22,42490.75,25,2529400
20221118,10:10:24,42493.65,925,2529400
20221118,10:10:25,42493.65,100,2529400
20221118,10:10:27,42505.95,425,2529400
20221118,10:10:28,42499.35,175,2529400
20221118,10:10:30,42505.20,75,2529400
20221118,10:10:31,42505.00,100,2529400
20221118,10:10:33,42500.10,625,2529400
20221118,10:10:35,42501.90,325,2529400
20221118,10:10:36,42509.95,325,2529400
20221118,10:10:38,42502.40,25,2529400
20221118,10:10:39,42501.90,125,2529400
20221118,10:10:41,42504.95,75,2529400
20221118,10:10:42,42504.95,75,2529400
20221118,10:10:43,42504.90,175,2529400
20221118,10:10:45,42504.90,250,2529400
20221118,10:10:46,42505.00,250,2529400
20221118,10:10:48,42506.15,25,2529400
20221118,10:10:50,42506.00,50,2529400
20221118,10:10:53,42506.50,75,2529400
20221118,10:10:54,42510.70,50,2529400
20221118,10:10:57,42509.55,50,2529400
20221118,10:11:02,42509.90,75,2529400
20221118,10:11:03,42510.00,125,2529400
20221118,10:11:05,42509.85,50,2529400
20221118,10:11:06,42506.15,75,2529400
20221118,10:11:08,42506.00,125,2529400
20221118,10:11:09,42508.70,50,2529400
20221118,10:11:15,42506.00,400,2529400
20221118,10:11:17,42507.95,150,2529400
20221118,10:11:18,42507.50,125,2529400
20221118,10:11:21,42507.60,75,2529400
20221118,10:11:23,42502.75,50,2529400
20221118,10:11:24,42509.85,50,2529400
20221118,10:11:25,42505.70,75,2529400
20221118,10:11:28,42510.00,25,2529400
20221118,10:11:32,42510.00,25,2529400
20221118,10:11:34,42507.55,25,2511050
20221118,10:11:36,42506.05,100,2511050
20221118,10:11:37,42507.10,25,2511050
20221118,10:11:39,42507.30,25,2511050
20221118,10:11:41,42510.00,75,2511050
20221118,10:11:43,42509.95,25,2511050
20221118,10:11:44,42509.95,50,2511050
20221118,10:11:46,42510.05,75,2511050
20221118,10:11:47,42510.00,25,2511050
20221118,10:11:49,42509.30,125,2511050
20221118,10:11:50,42510.00,150,2511050
20221118,10:11:51,42510.00,150,2511050
20221118,10:11:53,42509.35,50,2511050
20221118,10:11:55,42512.00,150,2511050
20221118,10:11:56,42509.55,25,2511050
20221118,10:11:58,42514.00,50,2511050
20221118,10:11:59,42515.00,100,2511050
20221118,10:12:00,42511.75,75,2511050
20221118,10:12:02,42509.55,50,2511050
20221118,10:12:04,42515.00,325,2511050
20221118,10:12:05,42511.70,50,2511050
20221118,10:12:07,42510.00,325,2511050
20221118,10:12:08,42514.20,25,2511050
20221118,10:12:11,42514.15,100,2511050
20221118,10:12:14,42510.00,125,2511050
20221118,10:12:16,42513.15,75,2511050
20221118,10:12:17,42512.10,100,2511050
20221118,10:12:19,42508.30,200,2511050
20221118,10:12:22,42510.85,50,2511050
20221118,10:12:23,42509.10,250,2511050
20221118,10:12:25,42508.70,50,2511050
20221118,10:12:26,42507.30,150,2511050
20221118,10:12:29,42512.85,75,2511050
20221118,10:12:31,42512.90,25,2511050
20221118,10:12:33,42513.90,275,2511050
20221118,10:12:34,42510.00,625,2511050
20221118,10:12:36,42509.05,925,2511050
20221118,10:12:37,42510.00,100,2511050
20221118,10:12:40,42517.00,75,2511050
20221118,10:12:43,42517.00,75,2511050
20221118,10:12:46,42517.60,25,2511050
20221118,10:12:49,42514.45,50,2511050
20221118,10:12:51,42518.55,100,2511050
20221118,10:12:52,42518.65,25,2511050
20221118,10:12:56,42518.75,25,2511050
20221118,10:12:58,42515.00,25,2511050
20221118,10:12:59,42515.00,125,2511050
20221118,10:13:01,42509.55,175,2511050
20221118,10:13:02,42513.55,25,2511050
20221118,10:13:06,42509.00,50,2511050
20221118,10:13:07,42509.30,50,2511050
20221118,10:13:09,42509.00,25,2511050
20221118,10:13:11,42510.70,50,2511050
20221118,10:13:14,42512.35,25,2511050
20221118,10:13:15,42507.30,250,2511050
20221118,10:13:18,42511.55,50,2511050
20221118,10:13:20,42509.00,25,2511050
20221118,10:13:22,42509.80,25,2511050
20221118,10:13:23,42511.55,25,2511050
20221118,10:13:32,42509.95,25,2511050
20221118,10:13:33,42510.00,25,2511050
20221118,10:13:35,42511.05,25,2511050
20221118,10:13:38,42506.90,200,2511050
20221118,10:13:40,42505.30,100,2511050
20221118,10:13:41,42501.00,250,2511050
20221118,10:13:43,42501.90,50,2511050
20221118,10:13:45,42500.00,325,2511050
20221118,10:13:46,42505.10,25,2511050
20221118,10:13:48,42500.00,250,2511050
20221118,10:13:50,42505.25,50,2511050
20221118,10:13:51,42501.05,50,2511050
20221118,10:13:53,42501.25,25,2511050
20221118,10:13:54,42501.20,25,2511050
20221118,10:14:02,42501.30,75,2511050
20221118,10:14:03,42505.00,25,2511050
20221118,10:14:05,42501.95,150,2511050
20221118,10:14:06,42500.50,200,2511050
20221118,10:14:08,42501.75,175,2511050
20221118,10:14:09,42501.80,50,2511050
20221118,10:14:11,42501.05,50,2511050
20221118,10:14:13,42501.75,125,2511050
20221118,10:14:14,42506.30,25,2511050
20221118,10:14:16,42501.20,75,2511050
20221118,10:14:17,42500.70,75,2511050
20221118,10:14:21,42496.00,325,2511050
20221118,10:14:22,42493.80,125,2511050
20221118,10:14:24,42497.60,25,2511050
20221118,10:14:27,42493.80,450,2511050
20221118,10:14:29,42493.80,175,2511050
20221118,10:14:30,42499.55,25,2511050
20221118,10:14:32,42499.70,25,2511050
20221118,10:14:35,42496.00,75,2510875
20221118,10:14:37,42499.75,50,2510875
20221118,10:14:40,42498.85,475,2510875
20221118,10:14:41,42498.60,75,2510875
20221118,10:14:43,42501.20,500,2510875
20221118,10:14:44,42496.00,400,2510875
20221118,10:14:47,42496.55,25,2510875
20221118,10:14:50,42496.20,225,2510875
20221118,10:14:54,42495.00,25,2510875
20221118,10:14:55,42493.95,300,2510875
20221118,10:14:57,42495.00,225,2510875
20221118,10:14:58,42495.00,500,2510875
20221118,10:15:00,42496.00,25,2510875
20221118,10:15:01,42493.25,825,2510875
20221118,10:15:03,42492.45,250,2510875
20221118,10:15:05,42492.45,250,2510875
20221118,10:15:06,42491.70,1750,2510875
20221118,10:15:08,42493.35,75,2510875
20221118,10:15:11,42492.30,325,2510875
20221118,10:15:17,42494.10,25,2510875
20221118,10:15:19,42494.70,250,2510875
20221118,10:15:22,42495.00,25,2510875
20221118,10:15:24,42497.00,125,2510875
20221118,10:15:25,42499.95,25,2510875
20221118,10:15:27,42495.00,100,2510875
20221118,10:15:28,42494.15,125,2510875
20221118,10:15:30,42494.00,25,2510875
20221118,10:15:33,42495.00,25,2510875
20221118,10:15:34,42494.05,50,2510875
20221118,10:15:36,42495.00,25,2510875
20221118,10:15:37,42496.00,50,2510875
20221118,10:15:39,42501.20,200,2510875
20221118,10:15:42,42504.00,500,2510875
20221118,10:15:43,42505.00,25,2510875
20221118,10:15:48,42508.55,25,2510875
20221118,10:15:50,42510.15,125,2510875
20221118,10:15:51,42504.05,100,2510875
20221118,10:15:53,42514.50,575,2510875
20221118,10:15:56,42506.80,25,2510875
20221118,10:15:58,42510.30,75,2510875
20221118,10:15:59,42505.00,75,2510875
20221118,10:16:01,42509.40,25,2510875
20221118,10:16:02,42510.35,25,2510875
20221118,10:16:04,42513.85,150,2510875
20221118,10:16:05,42513.55,450,2510875
20221118,10:16:07,42506.80,75,2510875
20221118,10:16:08,42513.30,75,2510875
20221118,10:16:11,42509.15,50,2510875
20221118,10:16:18,42510.00,25,2510875
20221118,10:16:22,42509.60,25,2510875
20221118,10:16:24,42509.85,75,2510875
20221118,10:16:26,42509.25,50,2510875
20221118,10:16:28,42510.00,250,2510875
20221118,10:16:29,42509.00,25,2510875
20221118,10:16:32,42511.90,75,2510875
20221118,10:16:34,42510.00,50,2510875
20221118,10:16:36,42508.50,25,2510875
20221118,10:16:38,42510.75,25,2510875
20221118,10:16:39,42507.20,50,2510875
20221118,10:16:41,42507.60,50,2510875
20221118,10:16:42,42507.65,25,2510875
20221118,10:16:44,42507.65,25,2510875
20221118,10:16:45,42504.60,50,2510875
20221118,10:16:47,42508.80,25,2510875
20221118,10:16:54,42507.50,25,2510875
20221118,10:16:57,42508.80,75,2510875
20221118,10:16:58,42504.20,25,2510875
20221118,10:17:00,42505.30,50,2510875
20221118,10:17:01,42503.80,25,2510875
20221118,10:17:04,42504.90,25,2510875
20221118,10:17:09,42505.20,525,2510875
20221118,10:17:10,42505.05,50,2510875
20221118,10:17:12,42505.30,25,2510875
20221118,10:17:16,42503.20,500,2510875
20221118,10:17:19,42500.90,500,2510875
20221118,10:17:21,42508.00,50,2510875
20221118,10:17:25,42509.00,175,2510875
20221118,10:17:26,42509.45,50,2510875
20221118,10:17:28,42510.55,75,2510875
20221118,10:17:34,42511.00,25,2510875
20221118,10:17:37,42514.00,25,2511300
20221118,10:17:38,42514.00,25,2511300
20221118,10:17:40,42516.80,150,2511300
20221118,10:17:41,42517.95,25,2511300
20221118,10:17:44,42515.80,50,2511300
20221118,10:17:47,42514.45,425,2511300
20221118,10:17:57,42514.70,25,2511300
20221118,10:18:00,42512.10,50,2511300
20221118,10:18:01,42511.00,75,2511300
20221118,10:18:03,42508.00,125,2511300
20221118,10:18:06,42507.25,25,2511300
20221118,10:18:09,42507.00,50,2511300
20221118,10:18:12,42506.05,50,2511300
20221118,10:18:14,42506.00,25,2511300
20221118,10:18:15,42505.00,75,2511300
20221118,10:18:17,42504.00,50,2511300
20221118,10:18:18,42504.00,25,2511300
20221118,10:18:20,42501.00,75,2511300
20221118,10:18:21,42501.00,25,2511300
20221118,10:18:24,42502.75,25,2511300
20221118,10:18:25,42501.00,25,2511300
20221118,10:18:27,42500.00,150,2511300
20221118,10:18:28,42499.25,50,2511300
20221118,10:18:30,42505.60,125,2511300
20221118,10:18:31,42505.60,75,2511300
20221118,10:18:40,42509.40,450,2511300
20221118,10:18:43,42506.10,25,2511300
20221118,10:18:45,42503.00,100,2511300
20221118,10:18:46,42506.10,250,2511300
20221118,10:18:48,42503.00,25,2511300
20221118,10:18:50,42503.70,200,2511300
20221118,10:18:51,42503.60,50,2511300
20221118,10:18:53,42503.55,125,2511300
20221118,10:18:54,42510.00,75,2511300
20221118,10:19:00,42511.25,250,2511300
20221118,10:19:04,42507.30,275,2511300
20221118,10:19:05,42507.20,200,2511300
20221118,10:19:06,42508.70,75,2511300
20221118,10:19:08,42507.30,325,2511300
20221118,10:19:09,42509.20,75,2511300
20221118,10:19:12,42506.95,50,2511300
20221118,10:19:13,42506.80,100,2511300
20221118,10:19:15,42507.05,75,2511300
20221118,10:19:16,42511.25,75,2511300
20221118,10:19:18,42508.05,100,2511300
20221118,10:19:19,42509.35,75,2511300
20221118,10:19:22,42511.00,50,2511300
20221118,10:19:24,42511.25,100,2511300
20221118,10:19:26,42511.25,100,2511300
20221118,10:19:28,42514.90,75,2511300
20221118,10:19:30,42514.90,25,2511300
20221118,10:19:31,42512.95,50,2511300
20221118,10:19:36,42511.40,100,2511300
20221118,10:19:38,42513.15,25,2511300
20221118,10:19:39,42511.25,75,2511300
20221118,10:19:41,42512.60,25,2511300
20221118,10:19:49,42512.70,25,2511300
20221118,10:19:53,42514.95,75,2511300
20221118,10:19:54,42512.35,50,2511300
20221118,10:19:56,42512.10,25,2511300
20221118,10:19:59,42515.00,75,2511300
20221118,10:20:00,42515.00,50,2511300
20221118,10:20:02,42517.75,50,2511300
20221118,10:20:04,42518.80,200,2511300
20221118,10:20:05,42520.45,550,2511300
20221118,10:20:07,42520.35,25,2511300
20221118,10:20:08,42519.50,100,2511300
20221118,10:20:10,42520.00,125,2511300
20221118,10:20:11,42518.20,225,2511300
20221118,10:20:13,42517.55,75,2511300
20221118,10:20:15,42518.85,50,2511300
20221118,10:20:16,42519.00,50,2511300
20221118,10:20:18,42512.65,25,2511300
20221118,10:20:19,42516.25,50,2511300
20221118,10:20:21,42520.35,25,2511300
20221118,10:20:22,42519.40,25,2511300
20221118,10:20:24,42518.50,525,2511300
20221118,10:20:27,42519.95,150,2511300
20221118,10:20:28,42517.75,475,2511300
20221118,10:20:31,42511.05,125,2511300
20221118,10:20:35,42512.00,25,2511300
20221118,10:20:36,42511.55,50,2513600
20221118,10:20:39,42511.45,50,2513600
20221118,10:20:41,42516.45,25,2513600
20221118,10:20:42,42511.05,150,2513600
20221118,10:20:45,42511.65,25,2513600
20221118,10:20:47,42514.25,25,2513600
20221118,10:20:48,42512.15,25,2513600
20221118,10:20:49,42517.85,25,2513600
20221118,10:20:55,42519.95,225,2513600
20221118,10:20:57,42516.30,50,2513600
20221118,10:20:58,42519.90,25,2513600
20221118,10:21:00,42520.30,225,2513600
20221118,10:21:01,42520.15,50,2513600
20221118,10:21:03,42515.90,150,2513600
20221118,10:21:04,42517.05,25,2513600
20221118,10:21:06,42513.30,2075,2513600
20221118,10:21:07,42514.05,75,2513600
20221118,10:21:09,42515.60,550,2513600
20221118,10:21:11,42514.00,50,2513600
20221118,10:21:12,42515.90,1050,2513600
20221118,10:21:14,42519.00,8125,2513600
20221118,10:21:15,42514.00,25,2513600
20221118,10:21:17,42512.70,25,2513600
20221118,10:21:19,42512.65,50,2513600
20221118,10:21:23,42510.00,150,2513600
20221118,10:21:26,42512.60,50,2513600
20221118,10:21:28,42512.65,75,2513600
20221118,10:21:31,42510.45,50,2513600
20221118,10:21:32,42511.15,250,2513600
20221118,10:21:34,42510.00,100,2513600
20221118,10:21:35,42506.00,425,2513600
20221118,10:21:37,42506.75,25,2513600
20221118,10:21:43,42506.25,25,2513600
20221118,10:21:45,42505.00,50,2513600
20221118,10:21:48,42505.00,25,2513600
20221118,10:21:51,42504.05,75,2513600
20221118,10:21:55,42504.05,400,2513600
20221118,10:21:57,42509.80,25,2513600
20221118,10:22:01,42506.75,50,2513600
20221118,10:22:03,42509.80,25,2513600
20221118,10:22:04,42509.80,25,2513600
20221118,10:22:07,42509.80,175,2513600
20221118,10:22:09,42506.10,100,2513600
20221118,10:22:14,42506.95,25,2513600
20221118,10:22:16,42510.00,25,2513600
20221118,10:22:17,42507.45,25,2513600
20221118,10:22:19,42510.00,50,2513600
20221118,10:22:22,42510.00,25,2513600
20221118,10:22:23,42510.00,125,2513600
20221118,10:22:26,42515.50,500,2513600
20221118,10:22:32,42510.00,50,2513600
20221118,10:22:37,42509.80,125,2513600
20221118,10:22:44,42515.50,25,2513600
20221118,10:22:45,42510.80,25,2513600
20221118,10:22:48,42515.45,50,2513600
20221118,10:22:49,42512.40,25,2513600
20221118,10:22:51,42510.00,50,2513600
20221118,10:22:52,42514.80,75,2513600
20221118,10:22:54,42514.80,25,2513600
20221118,10:22:55,42510.00,25,2513600
20221118,10:22:57,42510.00,25,2513600
20221118,10:23:00,42510.45,425,2513600
20221118,10:23:06,42516.80,25,2513600
20221118,10:23:09,42512.15,25,2513600
20221118,10:23:21,42509.80,225,2513600
20221118,10:23:26,42508.15,50,2513600
20221118,10:23:28,42512.15,75,2513600
20221118,10:23:30,42512.10,50,2513600
20221118,10:23:31,42509.80,25,2513600
20221118,10:23:38,42507.00,125,2516900
20221118,10:23:41,42509.00,75,2516900
20221118,10:23:42,42509.20,50,2516900
20221118,10:23:44,42512.00,100,2516900
20221118,10:23:45,42514.80,25,2516900
20221118,10:23:47,42515.45,75,2516900
20221118,10:23:51,42515.50,25,2516900
20221118,10:23:53,42515.50,25,2516900
20221118,10:23:59,42515.40,25,2516900
20221118,10:24:00,42515.40,25,2516900
20221118,10:24:03,42511.15,425,2516900
20221118,10:24:06,42510.00,200,2516900
20221118,10:24:08,42510.00,25,2516900
20221118,10:24:09,42510.00,125,2516900
20221118,10:24:10,42510.00,25,2516900
20221118,10:24:21,42511.10,75,2516900
20221118,10:24:24,42510.00,25,2516900
20221118,10:24:28,42514.75,25,2516900
20221118,10:24:32,42514.80,25,2516900
20221118,10:24:33,42510.05,25,2516900
20221118,10:24:35,42510.05,25,2516900
20221118,10:24:39,42510.00,100,2516900
20221118,10:24:46,42510.00,100,2516900
20221118,10:24:47,42509.05,450,2516900
20221118,10:24:50,42508.00,25,2516900
20221118,10:24:51,42508.40,125,2516900
20221118,10:24:56,42509.80,125,2516900
20221118,10:25:00,42514.00,50,2516900
20221118,10:25:02,42509.65,500,2516900
20221118,10:25:03,42514.80,25,2516900
20221118,10:25:05,42515.00,75,2516900
20221118,10:25:08,42514.80,25,2516900
20221118,10:25:09,42514.80,25,2516900
20221118,10:25:11,42510.25,100,2516900
20221118,10:25:12,42510.75,225,2516900
20221118,10:25:14,42511.10,25,2516900
20221118,10:25:15,42510.40,25,2516900
20221118,10:25:18,42514.80,50,2516900
20221118,10:25:19,42510.00,25,2516900
20221118,10:25:25,42515.00,425,2516900
20221118,10:25:26,42515.00,75,2516900
20221118,10:25:28,42511.00,25,2516900
20221118,10:25:29,42510.00,25,2516900
20221118,10:25:32,42510.00,50,2516900
20221118,10:25:34,42513.65,25,2516900
20221118,10:25:35,42509.50,25,2516900
20221118,10:25:37,42514.35,225,2516900
20221118,10:25:38,42515.00,50,2516900
20221118,10:25:43,42517.05,75,2516900
20221118,10:25:46,42520.00,425,2516900
20221118,10:25:48,42524.75,325,2516900
20221118,10:25:51,42525.00,100,2516900
20221118,10:25:52,42525.00,225,2516900
20221118,10:25:56,42525.00,50,2516900
20221118,10:25:57,42525.00,25,2516900
20221118,10:25:59,42525.00,25,2516900
20221118,10:26:00,42524.90,25,2516900
20221118,10:26:02,42522.60,50,2516900
20221118,10:26:03,42520.00,50,2516900
20221118,10:26:06,42515.35,25,2516900
20221118,10:26:09,42515.05,25,2516900
20221118,10:26:11,42519.80,25,2516900
20221118,10:26:15,42514.80,25,2516900
20221118,10:26:17,42514.80,50,2516900
20221118,10:26:25,42520.05,25,2516900
20221118,10:26:28,42519.80,25,2516900
20221118,10:26:34,42519.80,50,2516900
20221118,10:26:39,42516.95,50,2515725
20221118,10:26:41,42515.15,25,2515725
20221118,10:26:42,42519.80,25,2515725
20221118,10:26:44,42519.80,100,2515725
20221118,10:26:45,42520.00,100,2515725
20221118,10:26:48,42520.00,50,2515725
20221118,10:26:50,42520.00,25,2515725
20221118,10:26:52,42520.00,100,2515725
20221118,10:26:53,42520.00,125,2515725
20221118,10:26:55,42520.60,50,2515725
20221118,10:26:56,42519.85,225,2515725
20221118,10:26:58,42515.00,50,2515725
20221118,10:26:59,42515.00,25,2515725
20221118,10:27:00,42519.45,150,2515725
20221118,10:27:02,42513.70,25,2515725
20221118,10:27:03,42519.40,50,2515725
20221118,10:27:06,42514.80,25,2515725
20221118,10:27:08,42514.80,25,2515725
20221118,10:27:09,42514.80,25,2515725
20221118,10:27:10,42514.80,50,2515725
20221118,10:27:13,42513.90,75,2515725
20221118,10:27:20,42519.05,200,2515725
20221118,10:27:22,42518.75,25,2515725
20221118,10:27:23,42514.80,75,2515725
20221118,10:27:26,42515.05,25,2515725
20221118,10:27:29,42515.00,125,2515725
20221118,10:27:30,42515.00,25,2515725
20221118,10:27:31,42515.00,25,2515725
20221118,10:27:32,42514.00,25,2515725
20221118,10:27:35,42515.00,25,2515725
20221118,10:27:36,42514.00,25,2515725
20221118,10:27:38,42518.20,25,2515725
20221118,10:27:43,42519.00,25,2515725
20221118,10:27:45,42519.00,50,2515725
20221118,10:27:50,42519.80,25,2515725
20221118,10:27:51,42516.85,25,2515725
20221118,10:27:53,42516.10,25,2515725
20221118,10:27:54,42519.80,150,2515725
20221118,10:27:56,42517.60,125,2515725
20221118,10:28:00,42525.00,475,2515725
20221118,10:28:01,42529.00,150,2515725
20221118,10:28:03,42523.65,75,2515725
20221118,10:28:08,42524.90,75,2515725
20221118,10:28:09,42525.20,25,2515725
20221118,10:28:11,42529.00,25,2515725
20221118,10:28:14,42526.75,75,2515725
20221118,10:28:15,42529.90,100,2515725
20221118,10:28:17,42529.90,75,2515725
20221118,10:28:20,42529.90,25,2515725
20221118,10:28:22,42529.00,375,2515725
20221118,10:28:23,42529.00,125,2515725
20221118,10:28:25,42525.05,225,2515725
20221118,10:28:26,42530.00,175,2515725
20221118,10:28:28,42530.00,400,2515725
20221118,10:28:29,42524.25,75,2515725
20221118,10:28:31,42520.05,100,2515725
20221118,10:28:34,42517.45,50,2515725
20221118,10:28:39,42523.40,50,2515725
20221118,10:28:42,42520.65,150,2515725
20221118,10:28:46,42523.35,50,2515725
20221118,10:28:48,42520.55,50,2515725
20221118,10:28:49,42523.30,325,2515725
20221118,10:28:51,42520.20,75,2515725
20221118,10:28:52,42524.95,125,2515725
20221118,10:28:54,42524.35,50,2515725
20221118,10:28:56,42524.70,25,2515725
20221118,10:28:58,42520.00,175,2515725
20221118,10:28:59,42520.00,50,2515725
20221118,10:29:02,42520.65,25,2515725
20221118,10:29:03,42520.20,75,2515725
20221118,10:29:05,42518.60,150,2515725
20221118,10:29:06,42522.30,575,2515725
20221118,10:29:08,42522.45,350,2515725
20221118,10:29:09,42522.35,25,2515725
20221118,10:29:11,42522.35,125,2515725
20221118,10:29:12,42524.90,200,2515725
20221118,10:29:13,42521.65,100,2515725
20221118,10:29:15,42524.80,100,2515725
20221118,10:29:16,42522.10,75,2515725
20221118,10:29:17,42522.15,100,2515725
20221118,10:29:19,42521.00,25,2515725
20221118,10:29:21,42524.65,25,2515725
20221118,10:29:24,42520.15,25,2515725
20221118,10:29:25,42524.50,75,2515725
20221118,10:29:27,42521.15,50,2515725
20221118,10:29:28,42520.00,25,2515725
20221118,10:29:30,42520.70,350,2515725
20221118,10:29:32,42520.65,225,2515725
20221118,10:29:33,42520.55,150,2515725
20221118,10:29:35,42520.00,125,2515725
20221118,10:29:36,42516.45,200,2515725
20221118,10:29:38,42517.90,175,2515925
20221118,10:29:39,42516.75,75,2515925
20221118,10:29:41,42517.40,250,2515925
20221118,10:29:42,42514.60,75,2515925
20221118,10:29:44,42514.85,25,2515925
20221118,10:29:45,42514.65,25,2515925
20221118,10:29:47,42514.50,125,2515925
20221118,10:29:48,42514.05,50,2515925
20221118,10:29:50,42512.85,75,2515925
20221118,10:29:54,42512.30,25,2515925
20221118,10:29:56,42514.30,250,2515925
20221118,10:29:57,42515.20,100,2515925
20221118,10:30:00,42515.25,25,2515925
20221118,10:30:02,42515.25,200,2515925
20221118,10:30:03,42515.25,50,2515925
20221118,10:30:05,42514.45,25,2515925
20221118,10:30:06,42517.85,225,2515925
20221118,10:30:08,42515.20,50,2515925
20221118,10:30:10,42515.20,50,2515925
20221118,10:30:13,42515.20,25,2515925
20221118,10:30:14,42515.55,175,2515925
20221118,10:30:16,42515.15,50,2515925
20221118,10:30:18,42517.90,500,2515925
20221118,10:30:20,42510.10,100,2515925
20221118,10:30:22,42509.00,225,2515925
20221118,10:30:23,42508.35,125,2515925
20221118,10:30:25,42507.40,350,2515925
20221118,10:30:26,42507.00,550,2515925
20221118,10:30:28,42506.90,1375,2515925
20221118,10:30:29,42507.00,850,2515925
20221118,10:30:31,42511.25,25,2515925
20221118,10:30:34,42505.70,925,2515925
20221118,10:30:35,42505.70,250,2515925
20221118,10:30:40,42505.75,75,2515925
20221118,10:30:41,42512.25,225,2515925
20221118,10:30:43,42507.10,50,2515925
20221118,10:30:44,42512.60,275,2515925
20221118,10:30:46,42520.00,225,2515925
20221118,10:30:47,42520.65,25,2515925
20221118,10:30:49,42524.55,25,2515925
20221118,10:30:51,42518.60,25,2515925
20221118,10:30:52,42524.55,25,2515925
20221118,10:30:54,42520.20,25,2515925
20221118,10:30:55,42520.40,100,2515925
20221118,10:30:57,42520.20,25,2515925
20221118,10:30:58,42524.80,25,2515925
20221118,10:31:00,42526.15,75,2515925
20221118,10:31:02,42526.35,75,2515925
20221118,10:31:03,42520.35,50,2515925
20221118,10:31:05,42520.35,25,2515925
20221118,10:31:09,42520.25,25,2515925
20221118,10:31:15,42525.95,175,2515925
20221118,10:31:17,42520.50,275,2515925
20221118,10:31:18,42526.00,25,2515925
20221118,10:31:23,42523.15,25,2515925
20221118,10:31:29,42525.05,25,2515925
20221118,10:31:30,42525.20,175,2515925
20221118,10:31:32,42525.75,75,2515925
20221118,10:31:33,42520.50,25,2515925
20221118,10:31:38,42521.05,25,2515925
20221118,10:31:42,42520.55,125,2515925
20221118,10:31:45,42520.00,250,2515925
20221118,10:31:47,42518.00,75,2515925
20221118,10:31:48,42510.65,150,2515925
20221118,10:31:50,42510.70,25,2515925
20221118,10:31:54,42515.00,150,2515925
20221118,10:31:56,42511.30,25,2515925
20221118,10:31:58,42515.00,25,2515925
20221118,10:31:59,42515.00,125,2515925
20221118,10:32:01,42512.95,25,2515925
20221118,10:32:02,42515.35,50,2515925
20221118,10:32:04,42515.20,75,2515925
20221118,10:32:06,42515.25,50,2515925
20221118,10:32:10,42515.20,50,2515925
20221118,10:32:12,42515.25,50,2515925
20221118,10:32:15,42515.00,25,2515925
20221118,10:32:16,42519.50,25,2515925
20221118,10:32:18,42521.05,225,2515925
20221118,10:32:19,42515.00,100,2515925
20221118,10:32:21,42521.05,50,2515925
20221118,10:32:22,42520.90,25,2515925
20221118,10:32:24,42512.90,200,2515925
20221118,10:32:25,42512.85,50,2515925
20221118,10:32:27,42515.20,50,2515925
20221118,10:32:30,42515.20,25,2515925
20221118,10:32:31,42519.35,25,2515925
20221118,10:32:32,42512.75,75,2515925
20221118,10:32:38,42513.05,25,2519925
20221118,10:32:40,42518.35,125,2519925
20221118,10:32:42,42512.05,50,2519925
20221118,10:32:43,42512.00,25,2519925
20221118,10:32:45,42510.20,50,2519925
20221118,10:32:46,42510.00,50,2519925
20221118,10:32:48,42512.05,200,2519925
20221118,10:32:50,42508.90,25,2519925
20221118,10:32:51,42508.15,300,2519925
20221118,10:32:53,42510.25,100,2519925
20221118,10:32:54,42509.55,25,2519925
20221118,10:32:57,42510.75,25,2519925
20221118,10:32:59,42515.00,25,2519925
20221118,10:33:02,42510.95,300,2519925
20221118,10:33:03,42510.95,75,2519925
20221118,10:33:05,42515.25,50,2519925
20221118,10:33:06,42515.20,25,2519925
20221118,10:33:11,42515.20,75,2519925
20221118,10:33:14,42517.00,50,2519925
20221118,10:33:15,42520.00,200,2519925
20221118,10:33:17,42520.00,75,2519925
20221118,10:33:19,42522.00,50,2519925
20221118,10:33:20,42524.10,25,2519925
20221118,10:33:22,42517.00,50,2519925
20221118,10:33:25,42525.10,600,2519925
20221118,10:33:27,42518.15,150,2519925
20221118,10:33:28,42517.60,50,2519925
20221118,10:33:31,42520.20,25,2519925
20221118,10:33:32,42520.20,25,2519925
20221118,10:33:34,42524.45,300,2519925
20221118,10:33:35,42520.20,75,2519925
20221118,10:33:37,42520.00,75,2519925
20221118,10:33:38,42521.90,100,2519925
20221118,10:33:40,42519.85,25,2519925
20221118,10:33:44,42521.85,25,2519925
20221118,10:33:46,42519.15,125,2519925
20221118,10:33:47,42513.80,125,2519925
20221118,10:33:49,42515.20,25,2519925
20221118,10:33:51,42521.25,100,2519925
20221118,10:33:53,42515.20,25,2519925
20221118,10:34:00,42518.70,25,2519925
20221118,10:34:02,42515.05,50,2519925
20221118,10:34:05,42517.25,50,2519925
20221118,10:34:07,42515.00,100,2519925
20221118,10:34:08,42511.00,50,2519925
20221118,10:34:10,42510.00,100,2519925
20221118,10:34:11,42510.00,25,2519925
20221118,10:34:14,42509.35,25,2519925
20221118,10:34:16,42513.90,100,2519925
20221118,10:34:17,42510.05,300,2519925
20221118,10:34:19,42506.10,325,2519925
20221118,10:34:20,42507.00,100,2519925
20221118,10:34:22,42510.05,50,2519925
20221118,10:34:23,42506.00,100,2519925
20221118,10:34:25,42505.75,25,2519925
20221118,10:34:26,42505.95,25,2519925
20221118,10:34:28,42510.05,275,2519925
20221118,10:34:29,42506.25,75,2519925
20221118,10:34:31,42506.45,25,2519925
20221118,10:34:32,42507.35,75,2519925
20221118,10:34:33,42509.10,25,2519925
20221118,10:34:35,42510.05,25,2519925
20221118,10:34:36,42510.05,50,2519925
20221118,10:34:38,42507.25,50,2519925
20221118,10:34:39,42510.70,50,2519925
20221118,10:34:41,42510.05,50,2519925
20221118,10:34:44,42509.00,225,2519925
20221118,10:34:45,42505.00,275,2519925
20221118,10:34:47,42507.55,50,2519925
20221118,10:34:55,42505.00,100,2519925
20221118,10:34:56,42508.50,25,2519925
20221118,10:34:57,42505.00,50,2519925
20221118,10:35:03,42505.40,50,2519925
20221118,10:35:06,42505.00,600,2519925
20221118,10:35:08,42504.95,100,2519925
20221118,10:35:09,42504.90,100,2519925
20221118,10:35:11,42504.95,25,2519925
20221118,10:35:12,42504.90,25,2519925
20221118,10:35:14,42504.05,150,2519925
20221118,10:35:15,42502.00,175,2519925
20221118,10:35:17,42500.00,1775,2519925
20221118,10:35:19,42500.00,425,2519925
20221118,10:35:20,42500.00,75,2519925
20221118,10:35:21,42501.00,150,2519925
20221118,10:35:23,42500.00,75,2519925
20221118,10:35:24,42500.00,125,2519925
20221118,10:35:26,42495.00,350,2519925
20221118,10:35:27,42493.35,375,2519925
20221118,10:35:29,42493.00,450,2519925
20221118,10:35:31,42494.20,350,2519925
20221118,10:35:32,42492.30,225,2519925
20221118,10:35:34,42492.65,75,2519925
20221118,10:35:35,42495.00,50,2519925
20221118,10:35:36,42493.55,75,2519925
20221118,10:35:38,42494.35,50,2519925
20221118,10:35:41,42493.45,400,2521975
20221118,10:35:42,42495.25,25,2521975
20221118,10:35:44,42492.35,5775,2521975
