20221118,09:15:01,42769.65,1,527825
20221118,09:15:01,42827.95,1,527825
20221118,09:15:01,42789.35,475,527825
20221118,09:15:03,42801.00,25,527825
20221118,09:15:05,42800.00,350,527825
20221118,09:15:06,42792.15,200,527825
20221118,09:15:07,42796.00,275,527825
20221118,09:15:08,42797.00,50,527825
20221118,09:15:09,42795.70,100,527825
20221118,09:15:12,42806.10,100,527825
20221118,09:15:13,42819.50,25,527825
20221118,09:15:14,42809.05,75,527825
20221118,09:15:15,42796.15,25,527825
20221118,09:15:16,42788.25,25,527825
20221118,09:15:17,42791.45,50,527825
20221118,09:15:18,42789.05,75,527825
20221118,09:15:19,42798.60,75,527825
20221118,09:15:21,42799.45,25,527825
20221118,09:15:25,42796.15,125,527825
20221118,09:15:26,42798.15,50,527825
20221118,09:15:27,42801.05,50,527825
20221118,09:15:28,42801.05,175,527825
20221118,09:15:29,42811.00,125,527825
20221118,09:15:30,42809.00,25,527825
20221118,09:15:32,42802.65,150,527825
20221118,09:15:33,42797.00,25,527825
20221118,09:15:34,42799.05,25,527825
20221118,09:15:35,42801.00,75,527825
20221118,09:15:36,42802.70,25,527825
20221118,09:15:37,42808.95,50,527825
20221118,09:15:38,42805.30,150,527825
20221118,09:15:39,42804.05,775,527825
20221118,09:15:40,42799.05,25,527825
20221118,09:15:40,42800.00,25,527825
20221118,09:15:41,42789.05,25,527825
20221118,09:15:42,42798.95,50,527825
20221118,09:15:43,42785.05,25,527825
20221118,09:15:44,42781.00,150,527825
20221118,09:15:45,42780.05,50,527825
20221118,09:15:50,42794.10,225,527825
20221118,09:15:56,42784.95,50,527825
20221118,09:15:57,42777.95,75,527825
20221118,09:15:58,42776.05,25,527825
20221118,09:15:59,42779.05,25,527825
20221118,09:16:00,42781.05,25,527825
20221118,09:16:01,42784.95,75,527825
20221118,09:16:01,42783.05,25,527825
20221118,09:16:02,42784.05,25,527825
20221118,09:16:05,42776.05,25,527825
20221118,09:16:07,42770.00,50,527825
20221118,09:16:11,42765.00,25,527825
20221118,09:16:15,42765.00,25,527825
20221118,09:16:17,42777.00,125,527825
20221118,09:16:19,42780.05,125,527825
20221118,09:16:20,42790.00,25,527825
20221118,09:16:21,42788.05,50,527825
20221118,09:16:24,42781.00,300,527825
20221118,09:16:25,42788.05,75,527825
20221118,09:16:28,42794.95,50,527825
20221118,09:16:29,42788.00,25,527825
20221118,09:16:31,42794.95,25,527825
20221118,09:16:33,42795.00,50,527825
20221118,09:16:34,42795.00,25,527825
20221118,09:16:35,42795.35,50,527825
20221118,09:16:37,42795.00,275,527825
20221118,09:16:38,42789.10,50,527825
20221118,09:16:39,42799.85,50,527825
20221118,09:16:40,42795.00,25,527825
20221118,09:16:41,42794.00,25,527825
20221118,09:16:42,42791.00,275,527825
20221118,09:16:44,42799.55,75,527825
20221118,09:16:46,42795.00,25,527825
20221118,09:16:50,42794.25,100,527825
20221118,09:16:51,42786.00,25,527825
20221118,09:16:53,42795.40,250,527825
20221118,09:16:55,42790.10,25,527825
20221118,09:16:59,42795.00,25,527825
20221118,09:17:02,42790.15,50,527825
20221118,09:17:04,42790.10,150,527825
20221118,09:17:05,42790.00,75,527825
20221118,09:17:09,42790.10,25,527825
20221118,09:17:13,42795.00,125,527825
20221118,09:17:14,42793.60,25,527825
20221118,09:17:17,42795.15,50,527825
20221118,09:17:18,42789.15,25,527825
20221118,09:17:20,42793.55,25,527825
20221118,09:17:22,42793.65,75,527825
20221118,09:17:24,42785.00,250,527825
20221118,09:17:26,42774.00,25,527825
20221118,09:17:28,42777.00,75,527925
20221118,09:17:30,42779.70,25,527925
20221118,09:17:33,42770.90,25,527925
20221118,09:17:34,42770.80,25,527925
20221118,09:17:36,42779.90,100,527925
20221118,09:17:39,42789.20,75,527925
20221118,09:17:41,42773.40,100,527925
20221118,09:17:42,42775.00,25,527925
20221118,09:17:45,42778.45,25,527925
20221118,09:17:50,42785.00,25,527925
20221118,09:17:53,42782.10,75,527925
20221118,09:17:56,42779.55,50,527925
20221118,09:17:59,42784.75,25,527925
20221118,09:18:02,42782.20,50,527925
20221118,09:18:04,42776.35,25,527925
20221118,09:18:07,42784.75,25,527925
20221118,09:18:09,42779.25,25,527925
20221118,09:18:14,42784.80,25,527925
20221118,09:18:29,42781.10,25,527925
20221118,09:18:31,42780.05,25,527925
20221118,09:18:32,42785.00,1500,527925
20221118,09:18:34,42780.00,325,527925
20221118,09:18:37,42768.20,900,527925
20221118,09:18:39,42770.00,25,527925
20221118,09:18:40,42765.00,100,527925
20221118,09:18:44,42777.95,75,527925
20221118,09:18:47,42772.75,25,527925
20221118,09:18:49,42780.90,400,527925
20221118,09:18:55,42777.95,25,527925
20221118,09:18:57,42780.45,25,527925
20221118,09:18:58,42784.00,550,527925
20221118,09:19:00,42772.50,225,527925
20221118,09:19:01,42764.10,275,527925
20221118,09:19:03,42763.35,150,527925
20221118,09:19:06,42767.70,925,527925
20221118,09:19:11,42775.95,350,527925
20221118,09:19:15,42770.00,75,527925
20221118,09:19:17,42770.00,50,527925
20221118,09:19:24,42774.00,225,527925
20221118,09:19:26,42772.00,50,527925
20221118,09:19:27,42767.70,25,527925
20221118,09:19:29,42765.00,25,527925
20221118,09:19:30,42759.65,50,527925
20221118,09:19:32,42759.65,25,527925
20221118,09:19:33,42766.90,900,527925
20221118,09:19:35,42759.00,50,527925
20221118,09:19:38,42752.55,650,527925
20221118,09:19:40,42750.00,50,527925
20221118,09:19:41,42750.00,25,527925
20221118,09:19:43,42750.00,25,527925
20221118,09:19:44,42750.00,50,527925
20221118,09:19:46,42745.00,75,527925
20221118,09:19:52,42750.00,25,527925
20221118,09:19:55,42745.00,25,527925
20221118,09:20:00,42740.05,25,527925
20221118,09:20:01,42740.05,25,527925
20221118,09:20:04,42740.00,825,527925
20221118,09:20:09,42748.95,25,527925
20221118,09:20:13,42742.50,25,527925
20221118,09:20:16,42742.25,25,527925
20221118,09:20:19,42748.30,25,527925
20221118,09:20:22,42740.00,100,527925
20221118,09:20:24,42740.55,25,527925
20221118,09:20:26,42732.55,100,527925
20221118,09:20:29,42748.35,25,529475
20221118,09:20:31,42737.40,25,529475
20221118,09:20:34,42746.05,75,529475
20221118,09:20:40,42742.00,50,529475
20221118,09:20:44,42738.00,125,529475
20221118,09:20:45,42738.25,50,529475
20221118,09:20:47,42732.55,75,529475
20221118,09:20:52,42738.00,25,529475
20221118,09:20:53,42730.00,225,529475
20221118,09:20:57,42725.00,225,529475
20221118,09:20:58,42725.00,25,529475
20221118,09:21:02,42725.00,25,529475
20221118,09:21:03,42728.80,75,529475
20221118,09:21:05,42725.00,75,529475
20221118,09:21:08,42720.10,50,529475
20221118,09:21:10,42726.05,50,529475
20221118,09:21:12,42726.05,100,529475
20221118,09:21:13,42720.00,25,529475
20221118,09:21:17,42717.10,50,529475
20221118,09:21:20,42715.00,600,529475
20221118,09:21:21,42715.00,50,529475
20221118,09:21:25,42715.00,425,529475
20221118,09:21:26,42717.55,150,529475
20221118,09:21:28,42711.05,125,529475
20221118,09:21:31,42711.05,25,529475
20221118,09:21:35,42724.00,25,529475
20221118,09:21:36,42725.00,50,529475
20221118,09:21:38,42721.05,50,529475
20221118,09:21:41,42721.05,25,529475
20221118,09:21:43,42720.00,25,529475
20221118,09:21:48,42718.00,25,529475
20221118,09:21:50,42726.10,25,529475
20221118,09:21:53,42722.00,100,529475
20221118,09:21:56,42722.35,25,529475
20221118,09:21:58,42715.15,50,529475
20221118,09:22:00,42724.00,25,529475
20221118,09:22:11,42715.00,500,529475
20221118,09:22:12,42723.80,25,529475
20221118,09:22:14,42712.00,75,529475
20221118,09:22:22,42700.00,475,529475
20221118,09:22:25,42700.00,25,529475
20221118,09:22:27,42700.00,450,529475
20221118,09:22:28,42700.00,50,529475
20221118,09:22:30,42705.85,25,529475
20221118,09:22:31,42705.00,25,529475
20221118,09:22:33,42705.00,25,529475
20221118,09:22:35,42700.00,25,529475
20221118,09:22:36,42700.05,175,529475
20221118,09:22:38,42705.00,75,529475
20221118,09:22:39,42707.00,150,529475
20221118,09:22:42,42705.20,525,529475
20221118,09:22:44,42715.00,100,529475
20221118,09:22:46,42723.95,75,529475
20221118,09:22:50,42713.45,50,529475
20221118,09:22:54,42720.95,25,529475
20221118,09:22:55,42721.00,25,529475
20221118,09:22:57,42714.50,200,529475
20221118,09:23:00,42721.00,25,529475
20221118,09:23:02,42712.90,75,529475
20221118,09:23:13,42719.05,25,529475
20221118,09:23:15,42705.00,150,529475
20221118,09:23:16,42700.30,25,529475
20221118,09:23:21,42712.70,25,529475
20221118,09:23:23,42709.40,25,529475
20221118,09:23:24,42712.90,25,529475
20221118,09:23:28,42714.05,50,529475
20221118,09:23:37,42718.05,125,529975
20221118,09:23:39,42725.00,25,529975
20221118,09:23:42,42725.05,225,529975
20221118,09:23:44,42721.05,50,529975
20221118,09:23:52,42734.45,50,529975
20221118,09:23:55,42728.00,25,529975
20221118,09:24:00,42731.05,25,529975
20221118,09:24:05,42734.80,100,529975
20221118,09:24:07,42732.45,50,529975
20221118,09:24:11,42735.05,25,529975
20221118,09:24:15,42735.15,50,529975
20221118,09:24:16,42744.80,75,529975
20221118,09:24:20,42748.50,50,529975
20221118,09:24:23,42744.90,175,529975
20221118,09:24:28,42730.10,175,529975
20221118,09:24:30,42731.55,75,529975
20221118,09:24:42,42730.20,25,529975
20221118,09:24:46,42726.10,50,529975
20221118,09:24:55,42727.15,50,529975
20221118,09:25:02,42727.35,25,529975
20221118,09:25:05,42727.25,75,529975
20221118,09:25:07,42724.95,75,529975
20221118,09:25:08,42721.05,25,529975
20221118,09:25:10,42721.00,25,529975
20221118,09:25:15,42728.15,25,529975
20221118,09:25:20,42731.80,25,529975
20221118,09:25:25,42728.15,25,529975
20221118,09:25:28,42725.85,25,529975
20221118,09:25:31,42724.95,25,529975
20221118,09:25:33,42722.45,100,529975
20221118,09:25:37,42721.95,25,529975
20221118,09:25:42,42723.25,250,529975
20221118,09:25:48,42721.95,25,529975
20221118,09:25:49,42716.10,150,529975
20221118,09:26:01,42720.00,25,529975
20221118,09:26:02,42729.10,100,529975
20221118,09:26:08,42730.00,25,529975
20221118,09:26:15,42744.55,25,529975
20221118,09:26:17,42732.20,25,529975
20221118,09:26:18,42741.35,425,529975
20221118,09:26:21,42732.45,25,529975
20221118,09:26:30,42739.75,50,531025
20221118,09:26:33,42732.70,50,531025
20221118,09:26:39,42740.40,25,531025
20221118,09:26:46,42726.40,200,531025
20221118,09:27:00,42722.90,25,531025
20221118,09:27:03,42720.00,250,531025
20221118,09:27:06,42724.50,75,531025
20221118,09:27:16,42724.50,25,531025
20221118,09:27:28,42724.50,75,531025
20221118,09:27:40,42724.00,75,531025
20221118,09:27:43,42720.05,50,531025
20221118,09:27:44,42719.50,25,531025
20221118,09:27:55,42725.95,75,531025
20221118,09:27:57,42717.90,25,531025
20221118,09:27:58,42724.95,50,531025
20221118,09:28:00,42718.00,25,531025
20221118,09:28:14,42720.40,25,531025
20221118,09:28:19,42723.95,25,531025
20221118,09:28:45,42716.05,75,531025
20221118,09:28:46,42715.00,125,531025
20221118,09:28:53,42723.00,50,531025
20221118,09:28:54,42727.95,75,531025
20221118,09:28:56,42717.60,25,531025
20221118,09:28:57,42723.00,25,531025
20221118,09:29:02,42718.30,25,531025
20221118,09:29:03,42725.00,100,531025
20221118,09:29:05,42724.95,25,531025
20221118,09:29:06,42724.95,50,531025
20221118,09:29:08,42724.90,25,531025
20221118,09:29:10,42725.70,100,531025
20221118,09:29:11,42723.95,100,531025
20221118,09:29:12,42722.00,25,531025
20221118,09:29:20,42718.00,25,531025
20221118,09:29:30,42716.30,50,531700
20221118,09:29:37,42715.00,25,531700
20221118,09:29:44,42716.90,100,531700
20221118,09:29:51,42717.50,25,531700
20221118,09:29:55,42723.00,325,531700
20221118,09:30:04,42717.95,100,531700
20221118,09:30:13,42715.00,25,531700
20221118,09:30:17,42715.00,125,531700
20221118,09:30:20,42718.95,25,531700
20221118,09:30:21,42712.35,25,531700
20221118,09:30:29,42721.95,50,531700
20221118,09:30:34,42721.95,25,531700
20221118,09:30:42,42718.10,50,531700
20221118,09:30:43,42725.00,150,531700
20221118,09:30:49,42725.00,50,531700
20221118,09:30:55,42737.45,100,531700
20221118,09:31:04,42737.00,25,531700
20221118,09:31:09,42735.00,25,531700
20221118,09:31:10,42735.00,25,531700
20221118,09:31:12,42736.50,25,531700
20221118,09:31:14,42737.45,50,531700
20221118,09:31:18,42739.95,25,531700
20221118,09:31:22,42736.65,25,531700
20221118,09:31:25,42739.80,25,531700
20221118,09:31:26,42734.80,75,531700
20221118,09:31:34,42740.00,25,531700
20221118,09:31:39,42743.00,25,531700
20221118,09:31:40,42744.10,25,531700
20221118,09:31:42,42740.00,50,531700
20221118,09:31:44,42740.30,50,531700
20221118,09:31:47,42744.60,50,531700
20221118,09:31:48,42741.85,75,531700
20221118,09:31:52,42740.20,125,531700
20221118,09:31:58,42745.00,25,531700
20221118,09:31:59,42743.45,50,531700
20221118,09:32:02,42745.00,75,531700
20221118,09:32:04,42740.65,25,531700
20221118,09:32:07,42745.00,100,531700
20221118,09:32:13,42744.10,250,531700
20221118,09:32:16,42744.80,50,531700
20221118,09:32:19,42744.95,50,531700
20221118,09:32:21,42747.40,25,531700
20221118,09:32:25,42743.55,125,531700
20221118,09:32:27,42740.20,200,531700
20221118,09:32:28,42734.00,100,531700
20221118,09:32:30,42730.45,50,531700
20221118,09:32:33,42728.70,125,532975
20221118,09:32:35,42723.35,50,532975
20221118,09:32:36,42720.00,25,532975
20221118,09:32:40,42720.00,50,532975
20221118,09:32:41,42720.40,25,532975
20221118,09:32:49,42720.60,25,532975
20221118,09:32:51,42726.95,25,532975
20221118,09:32:54,42727.10,100,532975
20221118,09:32:55,42724.00,25,532975
20221118,09:33:13,42724.00,875,532975
20221118,09:33:14,42724.00,50,532975
20221118,09:33:19,42722.45,25,532975
20221118,09:33:21,42722.00,25,532975
20221118,09:33:24,42724.00,25,532975
20221118,09:33:30,42731.60,25,532975
20221118,09:33:33,42727.95,75,532975
20221118,09:33:35,42729.75,75,532975
20221118,09:33:38,42728.40,25,532975
20221118,09:33:41,42727.25,50,532975
20221118,09:33:43,42725.95,75,532975
20221118,09:33:47,42723.90,50,532975
20221118,09:34:01,42716.05,25,532975
20221118,09:34:03,42717.05,50,532975
20221118,09:34:05,42720.00,25,532975
20221118,09:34:08,42729.45,25,532975
20221118,09:34:13,42729.95,25,532975
20221118,09:34:14,42730.00,25,532975
20221118,09:34:19,42726.30,25,532975
20221118,09:34:21,42729.95,25,532975
20221118,09:34:24,42726.40,50,532975
20221118,09:34:28,42730.00,25,532975
20221118,09:34:33,42730.00,75,532975
20221118,09:34:35,42727.30,50,532975
20221118,09:34:40,42730.00,25,532975
20221118,09:34:41,42730.00,25,532975
20221118,09:34:46,42730.00,25,532975
20221118,09:34:48,42720.20,150,532975
20221118,09:34:54,42730.00,25,532975
20221118,09:34:57,42731.35,25,532975
20221118,09:34:59,42728.10,25,532975
20221118,09:35:02,42728.40,25,532975
20221118,09:35:11,42731.60,25,532975
20221118,09:35:14,42735.00,100,532975
20221118,09:35:20,42736.40,25,532975
20221118,09:35:22,42733.15,125,532975
20221118,09:35:26,42736.55,100,532975
20221118,09:35:31,42736.50,200,532975
20221118,09:35:32,42735.10,25,534625
20221118,09:35:38,42739.85,100,534625
20221118,09:35:41,42733.00,250,534625
20221118,09:35:43,42731.00,250,534625
20221118,09:36:03,42732.70,25,534625
20221118,09:36:05,42732.90,50,534625
20221118,09:36:07,42730.65,100,534625
20221118,09:36:18,42734.00,125,534625
20221118,09:36:24,42733.00,50,534625
20221118,09:36:30,42729.95,25,534625
20221118,09:36:32,42733.90,225,534625
20221118,09:36:43,42722.95,25,534625
20221118,09:36:46,42720.55,50,534625
20221118,09:36:56,42726.15,50,534625
20221118,09:37:01,42727.75,50,534625
20221118,09:37:03,42727.75,25,534625
20221118,09:37:04,42731.15,50,534625
20221118,09:37:06,42730.15,25,534625
20221118,09:37:07,42730.10,25,534625
20221118,09:37:09,42730.10,25,534625
20221118,09:37:10,42724.15,125,534625
20221118,09:37:12,42721.75,75,534625
20221118,09:37:19,42721.75,50,534625
20221118,09:37:28,42720.35,25,534625
20221118,09:37:29,42720.00,75,534625
20221118,09:37:32,42723.95,250,534625
20221118,09:37:40,42721.20,500,534625
20221118,09:37:41,42716.00,50,534625
20221118,09:37:50,42713.85,525,534625
20221118,09:37:52,42712.25,25,534625
20221118,09:37:56,42712.00,25,534625
20221118,09:37:59,42723.85,125,534625
20221118,09:38:05,42725.00,25,534625
20221118,09:38:08,42725.35,100,534625
20221118,09:38:10,42719.15,100,534625
20221118,09:38:11,42720.60,25,534625
20221118,09:38:15,42728.00,225,534625
20221118,09:38:24,42729.40,25,534625
20221118,09:38:27,42729.40,25,534625
20221118,09:38:30,42732.00,25,534625
20221118,09:38:31,42735.00,25,537000
20221118,09:38:34,42735.00,50,537000
20221118,09:38:39,42735.00,25,537000
20221118,09:38:42,42735.00,50,537000
20221118,09:38:44,42735.00,25,537000
20221118,09:38:48,42735.00,275,537000
20221118,09:38:50,42735.15,550,537000
20221118,09:38:51,42735.00,600,537000
20221118,09:38:53,42732.20,25,537000
20221118,09:38:54,42732.20,25,537000
20221118,09:38:56,42726.20,25,537000
20221118,09:39:00,42732.85,50,537000
20221118,09:39:02,42728.10,100,537000
20221118,09:39:03,42722.70,25,537000
20221118,09:39:07,42728.00,550,537000
20221118,09:39:14,42730.00,25,537000
20221118,09:39:19,42731.95,25,537000
20221118,09:39:22,42730.10,25,537000
20221118,09:39:25,42730.00,125,537000
20221118,09:39:26,42729.65,25,537000
20221118,09:39:28,42731.50,550,537000
20221118,09:39:32,42727.90,25,537000
20221118,09:39:44,42735.35,200,537000
20221118,09:39:46,42735.50,25,537000
20221118,09:39:57,42724.75,900,537000
20221118,09:40:07,42738.00,25,537000
20221118,09:40:08,42738.10,25,537000
20221118,09:40:10,42738.00,50,537000
20221118,09:40:21,42739.00,50,537000
20221118,09:40:23,42734.90,25,537000
20221118,09:40:26,42739.00,50,537000
20221118,09:40:29,42739.00,25,537000
20221118,09:40:37,42739.90,75,537000
20221118,09:40:38,42740.00,25,537000
20221118,09:40:41,42740.00,50,537000
20221118,09:40:45,42739.95,25,537000
20221118,09:40:48,42740.00,25,537000
20221118,09:40:49,42740.00,400,537000
20221118,09:40:51,42739.95,150,537000
20221118,09:40:52,42745.15,100,537000
20221118,09:40:55,42739.95,25,537000
20221118,09:41:03,42743.10,25,537000
20221118,09:41:06,42734.20,375,537000
20221118,09:41:10,42734.45,25,537000
20221118,09:41:11,42743.00,50,537000
20221118,09:41:13,42737.00,25,537000
20221118,09:41:17,42739.05,25,537000
20221118,09:41:19,42740.35,75,537000
20221118,09:41:22,42740.50,50,537000
20221118,09:41:30,42745.00,25,537000
20221118,09:41:36,42745.00,25,540575
20221118,09:41:37,42741.15,50,540575
20221118,09:41:40,42745.60,25,540575
20221118,09:41:42,42744.95,25,540575
20221118,09:41:43,42741.60,50,540575
20221118,09:41:46,42740.60,400,540575
20221118,09:41:49,42740.45,25,540575
20221118,09:41:51,42740.45,25,540575
20221118,09:41:54,42741.65,25,540575
20221118,09:41:55,42746.10,25,540575
20221118,09:42:01,42746.10,50,540575
20221118,09:42:03,42748.10,225,540575
20221118,09:42:06,42740.65,175,540575
20221118,09:42:13,42744.85,25,540575
20221118,09:42:15,42744.70,50,540575
20221118,09:42:16,42742.35,25,540575
20221118,09:42:24,42744.90,25,540575
20221118,09:42:26,42745.00,25,540575
20221118,09:42:27,42743.00,150,540575
20221118,09:42:32,42744.60,50,540575
20221118,09:42:38,42740.25,25,540575
20221118,09:42:41,42736.20,25,540575
20221118,09:42:45,42740.00,25,540575
20221118,09:42:53,42740.25,25,540575
20221118,09:42:56,42740.00,25,540575
20221118,09:42:58,42740.25,200,540575
20221118,09:42:59,42740.30,100,540575
20221118,09:43:01,42743.25,25,540575
20221118,09:43:02,42742.70,25,540575
20221118,09:43:04,42740.55,50,540575
20221118,09:43:05,42740.00,75,540575
20221118,09:43:07,42742.50,75,540575
20221118,09:43:09,42743.20,25,540575
20221118,09:43:10,42739.85,50,540575
20221118,09:43:17,42739.80,200,540575
20221118,09:43:20,42744.85,125,540575
20221118,09:43:21,42744.85,50,540575
20221118,09:43:23,42744.85,25,540575
20221118,09:43:25,42744.85,25,540575
20221118,09:43:34,42740.10,25,540575
20221118,09:43:43,42740.25,150,540575
20221118,09:43:45,42741.00,25,540575
20221118,09:43:50,42744.85,25,540575
20221118,09:43:51,42748.50,250,540575
20221118,09:44:00,42748.50,25,540575
20221118,09:44:04,42745.25,25,540575
20221118,09:44:06,42745.50,25,540575
20221118,09:44:12,42745.70,50,540575
20221118,09:44:13,42745.80,125,540575
20221118,09:44:15,42747.60,175,540575
20221118,09:44:18,42748.50,25,540575
20221118,09:44:25,42748.50,25,540575
20221118,09:44:26,42749.65,50,540575
20221118,09:44:28,42748.05,75,540575
20221118,09:44:29,42748.05,25,540575
20221118,09:44:38,42749.90,25,542875
20221118,09:44:40,42748.75,75,542875
20221118,09:44:43,42748.80,25,542875
20221118,09:44:50,42749.10,25,542875
20221118,09:44:54,42749.25,25,542875
20221118,09:44:55,42751.15,925,542875
20221118,09:44:58,42751.20,50,542875
20221118,09:45:01,42755.80,25,542875
20221118,09:45:03,42750.70,75,542875
20221118,09:45:06,42756.80,25,542875
20221118,09:45:15,42752.00,225,542875
20221118,09:45:17,42753.05,75,542875
20221118,09:45:18,42750.20,25,542875
20221118,09:45:20,42750.20,25,542875
20221118,09:45:24,42750.15,25,542875
20221118,09:45:29,42751.85,75,542875
20221118,09:45:33,42754.90,25,542875
20221118,09:45:35,42754.85,25,542875
20221118,09:45:36,42754.85,75,542875
20221118,09:45:39,42764.80,225,542875
20221118,09:45:44,42764.15,25,542875
20221118,09:45:47,42766.65,25,542875
20221118,09:45:50,42768.00,300,542875
20221118,09:45:52,42763.15,25,542875
20221118,09:45:55,42763.15,25,542875
20221118,09:45:58,42763.90,150,542875
20221118,09:45:59,42762.05,25,542875
20221118,09:46:05,42763.70,50,542875
20221118,09:46:07,42763.85,75,542875
20221118,09:46:10,42763.95,25,542875
20221118,09:46:11,42768.00,100,542875
20221118,09:46:19,42765.55,50,542875
20221118,09:46:21,42770.00,500,542875
20221118,09:46:26,42772.30,75,542875
20221118,09:46:27,42771.65,125,542875
20221118,09:46:29,42772.05,50,542875
20221118,09:46:31,42772.00,25,542875
20221118,09:46:32,42772.00,25,542875
20221118,09:46:34,42771.60,200,542875
20221118,09:46:37,42767.10,50,542875
20221118,09:46:38,42764.00,25,542875
20221118,09:46:41,42765.45,25,542875
20221118,09:46:43,42761.40,50,542875
20221118,09:46:48,42764.95,50,542875
20221118,09:46:52,42761.50,125,542875
20221118,09:46:54,42761.50,150,542875
20221118,09:47:03,42760.75,50,542875
20221118,09:47:04,42761.15,50,542875
20221118,09:47:07,42764.65,50,542875
20221118,09:47:15,42763.40,25,542875
20221118,09:47:17,42763.40,25,542875
20221118,09:47:18,42765.50,50,542875
20221118,09:47:20,42769.15,175,542875
20221118,09:47:23,42763.20,25,542875
20221118,09:47:24,42765.95,25,542875
20221118,09:47:27,42769.95,50,542875
20221118,09:47:32,42767.40,175,542875
20221118,09:47:38,42763.10,25,545775
20221118,09:47:52,42767.40,25,545775
20221118,09:47:55,42764.75,50,545775
20221118,09:47:58,42766.80,25,545775
20221118,09:48:03,42767.05,75,545775
20221118,09:48:05,42767.05,25,545775
20221118,09:48:06,42766.80,175,545775
20221118,09:48:08,42769.10,50,545775
20221118,09:48:17,42766.80,50,545775
20221118,09:48:21,42765.35,75,545775
20221118,09:48:24,42766.80,300,545775
20221118,09:48:29,42767.95,50,545775
20221118,09:48:32,42765.15,1000,545775
20221118,09:48:43,42760.05,125,545775
20221118,09:48:46,42760.20,25,545775
20221118,09:48:47,42760.00,50,545775
20221118,09:48:51,42757.10,25,545775
20221118,09:48:54,42758.95,25,545775
20221118,09:48:55,42759.90,25,545775
20221118,09:48:57,42761.25,25,545775
20221118,09:48:59,42761.25,25,545775
20221118,09:49:02,42765.20,50,545775
20221118,09:49:03,42765.35,25,545775
20221118,09:49:05,42765.30,100,545775
20221118,09:49:07,42768.55,200,545775
20221118,09:49:08,42766.35,300,545775
20221118,09:49:12,42770.00,25,545775
20221118,09:49:15,42769.55,25,545775
20221118,09:49:18,42771.00,150,545775
20221118,09:49:20,42771.05,50,545775
20221118,09:49:21,42773.00,200,545775
20221118,09:49:23,42773.00,25,545775
20221118,09:49:28,42774.00,25,545775
20221118,09:49:29,42771.55,75,545775
20221118,09:49:36,42771.55,25,545775
20221118,09:49:39,42771.55,25,545775
20221118,09:49:41,42772.95,50,545775
20221118,09:49:43,42772.00,150,545775
20221118,09:49:51,42771.00,75,545775
20221118,09:49:52,42772.35,250,545775
20221118,09:49:54,42772.65,25,545775
20221118,09:49:56,42772.70,225,545775
20221118,09:50:06,42768.25,25,545775
20221118,09:50:11,42768.65,200,545775
20221118,09:50:13,42765.00,250,545775
20221118,09:50:24,42766.85,25,545775
20221118,09:50:25,42766.85,50,545775
20221118,09:50:32,42765.00,375,545775
20221118,09:50:34,42765.00,175,548725
20221118,09:50:35,42767.80,125,548725
20221118,09:50:37,42761.95,25,548725
20221118,09:50:39,42759.95,225,548725
20221118,09:50:40,42762.00,150,548725
20221118,09:50:49,42760.00,25,548725
20221118,09:50:51,42759.90,25,548725
20221118,09:50:52,42761.00,150,548725
20221118,09:50:57,42757.70,25,548725
20221118,09:50:58,42757.70,150,548725
20221118,09:51:06,42758.25,25,548725
20221118,09:51:07,42760.15,50,548725
20221118,09:51:09,42763.90,150,548725
20221118,09:51:11,42766.15,25,548725
20221118,09:51:12,42763.05,100,548725
20221118,09:51:14,42764.95,350,548725
20221118,09:51:17,42767.90,25,548725
20221118,09:51:18,42766.45,25,548725
20221118,09:51:20,42769.50,50,548725
20221118,09:51:22,42769.50,25,548725
20221118,09:51:23,42767.40,50,548725
20221118,09:51:25,42770.00,50,548725
20221118,09:51:29,42768.55,75,548725
20221118,09:51:37,42773.80,25,548725
20221118,09:51:39,42769.50,25,548725
20221118,09:51:43,42773.00,25,548725
20221118,09:51:45,42775.00,175,548725
20221118,09:51:47,42775.05,75,548725
20221118,09:51:48,42777.00,150,548725
20221118,09:51:50,42775.00,25,548725
20221118,09:51:53,42777.00,25,548725
20221118,09:51:55,42777.00,25,548725
20221118,09:51:56,42776.45,75,548725
20221118,09:51:58,42777.00,25,548725
20221118,09:52:01,42776.20,225,548725
20221118,09:52:04,42778.90,50,548725
20221118,09:52:10,42774.50,50,548725
20221118,09:52:14,42776.55,50,548725
20221118,09:52:32,42776.35,200,548725
20221118,09:52:33,42776.35,75,548725
20221118,09:52:35,42776.35,25,548725
20221118,09:52:38,42775.00,550,548725
20221118,09:52:40,42775.05,350,548725
20221118,09:52:41,42772.00,75,548725
20221118,09:52:43,42769.50,75,548725
20221118,09:52:44,42764.05,25,548725
20221118,09:52:48,42769.00,50,548725
20221118,09:52:51,42769.05,50,548725
20221118,09:52:52,42769.15,25,548725
20221118,09:52:54,42769.00,75,548725
20221118,09:53:02,42764.00,25,548725
20221118,09:53:03,42760.10,25,548725
20221118,09:53:08,42760.10,50,548725
20221118,09:53:11,42761.95,50,548725
20221118,09:53:14,42760.00,25,548725
20221118,09:53:16,42763.00,25,548725
20221118,09:53:21,42765.25,25,548725
20221118,09:53:29,42763.00,25,548725
20221118,09:53:30,42763.85,200,548725
20221118,09:53:33,42760.00,50,548725
20221118,09:53:36,42755.35,25,548725
20221118,09:53:42,42757.40,25,552050
20221118,09:53:47,42760.25,25,552050
20221118,09:53:50,42764.35,25,552050
20221118,09:53:51,42759.65,25,552050
20221118,09:53:56,42762.80,25,552050
20221118,09:54:02,42769.05,25,552050
20221118,09:54:05,42769.05,250,552050
20221118,09:54:10,42767.70,25,552050
20221118,09:54:15,42763.65,25,552050
20221118,09:54:27,42765.80,50,552050
20221118,09:54:28,42762.70,50,552050
20221118,09:54:30,42766.05,25,552050
20221118,09:54:31,42762.70,350,552050
20221118,09:54:33,42768.05,175,552050
20221118,09:54:35,42767.05,75,552050
20221118,09:54:36,42763.05,300,552050
20221118,09:54:38,42763.00,200,552050
20221118,09:54:40,42762.65,475,552050
20221118,09:54:45,42765.50,25,552050
20221118,09:54:46,42762.85,50,552050
20221118,09:54:48,42763.60,50,552050
20221118,09:54:49,42760.00,550,552050
20221118,09:54:51,42760.10,50,552050
20221118,09:54:53,42764.45,25,552050
20221118,09:54:54,42762.30,50,552050
20221118,09:54:59,42757.45,200,552050
20221118,09:55:02,42757.50,25,552050
20221118,09:55:05,42762.70,50,552050
20221118,09:55:07,42754.85,50,552050
20221118,09:55:14,42751.60,50,552050
20221118,09:55:20,42753.15,50,552050
20221118,09:55:22,42754.85,25,552050
20221118,09:55:25,42751.50,25,552050
20221118,09:55:28,42751.00,50,552050
20221118,09:55:30,42750.00,25,552050
20221118,09:55:31,42746.00,75,552050
20221118,09:55:35,42742.65,25,552050
20221118,09:55:37,42742.85,75,552050
20221118,09:55:43,42740.00,75,552050
20221118,09:55:45,42741.55,25,552050
20221118,09:55:46,42735.20,25,552050
20221118,09:55:50,42734.25,200,552050
20221118,09:55:51,42733.40,25,552050
20221118,09:55:56,42735.45,75,552050
20221118,09:55:58,42733.00,900,552050
20221118,09:55:59,42741.75,25,552050
20221118,09:56:06,42735.90,100,552050
20221118,09:56:14,42735.00,25,552050
20221118,09:56:15,42735.00,200,552050
20221118,09:56:17,42735.00,50,552050
20221118,09:56:20,42735.00,25,552050
20221118,09:56:22,42733.40,50,552050
20221118,09:56:24,42731.05,125,552050
20221118,09:56:25,42731.10,25,552050
20221118,09:56:27,42730.35,25,552050
20221118,09:56:28,42730.35,25,552050
20221118,09:56:30,42731.15,50,552050
20221118,09:56:33,42731.15,75,552050
20221118,09:56:34,42735.00,100,552050
20221118,09:56:39,42735.00,25,556275
20221118,09:56:40,42735.00,250,556275
20221118,09:56:45,42735.00,75,556275
20221118,09:56:50,42740.00,75,556275
20221118,09:56:51,42740.15,75,556275
20221118,09:56:57,42743.80,150,556275
20221118,09:57:02,42738.25,75,556275
20221118,09:57:08,42739.40,150,556275
20221118,09:57:11,42733.50,50,556275
20221118,09:57:23,42733.45,25,556275
20221118,09:57:27,42730.00,50,556275
20221118,09:57:32,42732.30,50,556275
20221118,09:57:36,42732.60,25,556275
20221118,09:57:37,42730.00,125,556275
20221118,09:57:42,42725.20,50,556275
20221118,09:57:46,42725.00,75,556275
20221118,09:57:50,42727.45,75,556275
20221118,09:57:52,42727.90,25,556275
20221118,09:57:53,42727.85,250,556275
20221118,09:58:03,42726.25,25,556275
20221118,09:58:13,42730.00,25,556275
20221118,09:58:22,42732.85,25,556275
20221118,09:58:25,42733.50,150,556275
20221118,09:58:34,42731.40,50,556275
20221118,09:58:36,42731.40,25,556275
20221118,09:58:40,42734.60,50,556275
20221118,09:58:45,42730.05,25,556275
20221118,09:58:47,42730.05,25,556275
20221118,09:58:50,42731.35,25,556275
20221118,09:58:59,42731.35,25,556275
20221118,09:59:05,42730.00,50,556275
20221118,09:59:08,42726.30,150,556275
20221118,09:59:19,42726.55,25,556275
20221118,09:59:25,42725.85,950,556275
20221118,09:59:26,42725.85,25,556275
20221118,09:59:31,42725.00,25,556275
20221118,09:59:33,42720.10,50,556275
20221118,09:59:36,42721.90,25,557350
20221118,09:59:40,42726.55,100,557350
20221118,09:59:52,42730.75,175,557350
20221118,09:59:58,42739.50,75,557350
20221118,10:00:05,42731.15,75,557350
20221118,10:00:08,42734.30,25,557350
20221118,10:00:12,42731.50,125,557350
20221118,10:00:15,42734.00,25,557350
20221118,10:00:20,42735.00,25,557350
20221118,10:00:23,42732.10,25,557350
20221118,10:00:26,42735.00,25,557350
20221118,10:00:29,42734.20,25,557350
20221118,10:00:32,42734.20,25,557350
20221118,10:00:35,42734.15,25,557350
20221118,10:00:39,42731.15,125,557350
20221118,10:00:41,42731.05,25,557350
20221118,10:01:00,42732.05,75,557350
20221118,10:01:01,42732.00,25,557350
20221118,10:01:03,42731.00,125,557350
20221118,10:01:06,42725.65,500,557350
20221118,10:01:12,42726.90,125,557350
20221118,10:01:14,42726.90,25,557350
20221118,10:01:20,42725.60,25,557350
20221118,10:01:40,42728.50,50,557350
20221118,10:01:46,42726.10,75,557350
20221118,10:01:49,42725.45,25,557350
20221118,10:01:57,42725.00,100,557350
20221118,10:01:59,42725.00,25,557350
20221118,10:02:00,42722.05,50,557350
20221118,10:02:02,42724.00,200,557350
20221118,10:02:08,42724.95,250,557350
20221118,10:02:11,42722.10,25,557350
20221118,10:02:15,42727.05,900,557350
20221118,10:02:37,42723.00,25,559325
20221118,10:02:38,42723.35,25,559325
20221118,10:02:53,42726.65,25,559325
20221118,10:02:57,42724.70,25,559325
20221118,10:03:03,42724.10,75,559325
20221118,10:03:06,42724.00,25,559325
20221118,10:03:12,42722.00,75,559325
20221118,10:03:15,42720.05,25,559325
20221118,10:03:27,42720.75,50,559325
20221118,10:03:28,42724.70,50,559325
20221118,10:03:33,42724.80,25,559325
20221118,10:03:43,42730.00,50,559325
20221118,10:03:54,42724.75,25,559325
20221118,10:04:03,42722.25,75,559325
20221118,10:04:05,42722.25,25,559325
20221118,10:04:13,42722.25,50,559325
20221118,10:04:27,42729.00,25,559325
20221118,10:04:33,42730.00,375,559325
20221118,10:04:35,42732.00,200,559325
20221118,10:04:36,42732.00,75,559325
20221118,10:04:38,42735.00,50,559325
20221118,10:04:41,42733.80,150,559325
20221118,10:04:43,42738.35,100,559325
20221118,10:04:48,42733.80,25,559325
20221118,10:04:53,42737.40,25,559325
20221118,10:04:54,42736.70,75,559325
20221118,10:04:56,42737.20,25,559325
20221118,10:04:57,42738.05,25,559325
20221118,10:05:00,42740.00,50,559325
20221118,10:05:02,42735.25,75,559325
20221118,10:05:03,42738.95,25,559325
20221118,10:05:05,42739.85,25,559325
20221118,10:05:06,42735.30,25,559325
20221118,10:05:09,42741.55,25,559325
20221118,10:05:12,42737.65,50,559325
20221118,10:05:14,42741.85,125,559325
20221118,10:05:15,42737.90,50,559325
20221118,10:05:17,42735.20,25,559325
20221118,10:05:19,42735.15,25,559325
20221118,10:05:24,42733.50,50,559325
20221118,10:05:25,42733.05,50,559325
20221118,10:05:27,42731.40,25,559325
20221118,10:05:29,42730.00,25,559325
20221118,10:05:32,42720.85,50,559325
20221118,10:05:33,42722.60,100,559325
20221118,10:05:35,42723.05,25,559325
20221118,10:05:37,42720.00,25,560600
20221118,10:05:45,42725.35,25,560600
20221118,10:05:49,42730.00,25,560600
20221118,10:05:51,42730.00,50,560600
20221118,10:06:10,42720.00,250,560600
20221118,10:06:12,42715.05,25,560600
20221118,10:06:13,42715.00,25,560600
20221118,10:06:16,42719.45,75,560600
20221118,10:06:26,42715.10,25,560600
20221118,10:06:35,42715.05,50,560600
20221118,10:06:38,42715.05,25,560600
20221118,10:06:43,42719.05,25,560600
20221118,10:06:48,42720.65,250,560600
20221118,10:06:51,42715.55,25,560600
20221118,10:07:05,42720.00,125,560600
20221118,10:07:17,42725.90,25,560600
20221118,10:07:21,42725.25,25,560600
20221118,10:07:23,42724.80,25,560600
20221118,10:07:27,42726.00,125,560600
20221118,10:07:29,42713.95,1400,560600
20221118,10:07:38,42717.90,125,560600
20221118,10:07:46,42719.60,25,560600
20221118,10:07:48,42719.60,25,560600
20221118,10:07:49,42719.30,25,560600
20221118,10:07:51,42713.95,75,560600
20221118,10:07:57,42719.50,25,560600
20221118,10:07:58,42717.25,25,560600
20221118,10:08:00,42717.15,25,560600
20221118,10:08:03,42710.10,150,560600
20221118,10:08:05,42715.30,25,560600
20221118,10:08:06,42710.05,50,560600
20221118,10:08:08,42717.30,25,560600
20221118,10:08:12,42715.65,25,560600
20221118,10:08:16,42716.15,25,560600
20221118,10:08:36,42719.05,25,560600
20221118,10:08:38,42718.30,25,561525
20221118,10:08:40,42718.70,50,561525
20221118,10:08:41,42718.85,25,561525
20221118,10:08:43,42718.90,25,561525
20221118,10:08:50,42719.70,25,561525
20221118,10:09:02,42714.80,25,561525
20221118,10:09:03,42710.00,175,561525
20221118,10:09:05,42708.00,250,561525
20221118,10:09:09,42706.85,25,561525
20221118,10:09:13,42708.80,25,561525
20221118,10:09:14,42708.05,25,561525
20221118,10:09:16,42707.70,25,561525
20221118,10:09:17,42707.90,25,561525
20221118,10:09:19,42705.00,25,561525
20221118,10:09:22,42712.05,50,561525
20221118,10:09:28,42711.95,50,561525
20221118,10:09:35,42708.00,25,561525
20221118,10:09:40,42708.00,50,561525
20221118,10:09:45,42709.05,125,561525
20221118,10:09:47,42709.50,50,561525
20221118,10:09:52,42708.00,50,561525
20221118,10:09:53,42708.00,25,561525
20221118,10:09:56,42708.00,50,561525
20221118,10:10:00,42708.10,25,561525
20221118,10:10:01,42701.75,100,561525
20221118,10:10:05,42701.05,25,561525
20221118,10:10:10,42705.15,25,561525
20221118,10:10:11,42705.50,25,561525
20221118,10:10:13,42701.00,125,561525
20221118,10:10:18,42705.00,25,561525
20221118,10:10:24,42709.50,300,561525
20221118,10:10:25,42709.50,25,561525
20221118,10:10:27,42709.50,150,561525
20221118,10:10:28,42713.40,50,561525
20221118,10:10:30,42706.75,25,561525
20221118,10:10:39,42717.65,25,561525
20221118,10:10:45,42717.00,25,561525
20221118,10:10:48,42720.00,50,561525
20221118,10:10:53,42722.25,25,561525
20221118,10:10:56,42717.80,25,561525
20221118,10:11:00,42718.70,25,561525
20221118,10:11:05,42720.55,50,561525
20221118,10:11:06,42714.95,25,561525
20221118,10:11:12,42713.80,25,561525
20221118,10:11:28,42718.25,50,561525
20221118,10:11:31,42718.70,50,561525
20221118,10:12:01,42722.85,150,562400
20221118,10:12:02,42725.10,50,562400
20221118,10:12:05,42723.45,25,562400
20221118,10:12:08,42720.70,50,562400
20221118,10:12:11,42720.75,75,562400
20221118,10:12:17,42718.70,150,562400
20221118,10:12:19,42717.60,25,562400
20221118,10:12:20,42714.35,125,562400
20221118,10:12:34,42722.75,25,562400
20221118,10:12:40,42723.45,100,562400
20221118,10:12:42,42723.45,25,562400
20221118,10:12:45,42725.25,25,562400
20221118,10:12:46,42725.20,100,562400
20221118,10:12:49,42725.95,50,562400
20221118,10:12:51,42726.05,25,562400
20221118,10:12:52,42725.80,25,562400
20221118,10:12:53,42727.15,25,562400
20221118,10:12:58,42725.75,25,562400
20221118,10:12:59,42723.45,150,562400
20221118,10:13:09,42719.55,25,562400
20221118,10:13:14,42720.30,25,562400
20221118,10:13:18,42720.55,50,562400
20221118,10:13:20,42720.40,150,562400
20221118,10:13:27,42716.90,100,562400
20221118,10:13:33,42717.85,25,562400
20221118,10:13:36,42718.60,25,562400
20221118,10:13:40,42715.25,25,562400
20221118,10:13:43,42714.95,25,562400
20221118,10:13:46,42710.15,200,562400
20221118,10:14:21,42710.05,25,562400
20221118,10:14:22,42710.00,25,562400
20221118,10:14:24,42709.50,25,562400
20221118,10:14:29,42708.55,25,562400
20221118,10:14:49,42709.45,25,563100
20221118,10:14:55,42706.60,50,563100
20221118,10:14:58,42707.15,50,563100
20221118,10:15:03,42707.45,175,563100
20221118,10:15:06,42705.00,75,563100
20221118,10:15:08,42706.35,75,563100
20221118,10:15:09,42705.00,25,563100
20221118,10:15:37,42707.00,25,563100
20221118,10:15:39,42707.00,25,563100
20221118,10:15:51,42707.00,25,563100
20221118,10:15:53,42717.10,150,563100
20221118,10:16:58,42711.85,25,563100
20221118,10:17:01,42715.00,25,563100
20221118,10:17:15,42719.90,75,563100
20221118,10:17:25,42719.40,75,563100
20221118,10:17:26,42719.05,50,563100
20221118,10:17:28,42719.25,50,563100
20221118,10:17:29,42719.60,50,563100
20221118,10:17:34,42720.20,375,563100
20221118,10:17:35,42720.05,25,563100
20221118,10:17:40,42720.00,25,563375
20221118,10:17:44,42722.45,25,563375
20221118,10:17:46,42723.40,75,563375
20221118,10:17:47,42723.40,25,563375
20221118,10:17:56,42722.75,50,563375
20221118,10:18:03,42720.75,75,563375
20221118,10:18:06,42720.75,25,563375
20221118,10:18:12,42718.00,50,563375
20221118,10:18:14,42715.70,75,563375
20221118,10:18:21,42711.15,25,563375
20221118,10:18:31,42711.15,75,563375
20221118,10:18:57,42721.40,50,563375
20221118,10:19:39,42723.10,50,563375
20221118,10:19:42,42723.95,25,563375
20221118,10:19:46,42723.15,25,563375
20221118,10:19:54,42724.40,50,563375
20221118,10:20:02,42726.25,275,563375
20221118,10:20:11,42727.30,75,563375
20221118,10:20:16,42726.40,25,563375
20221118,10:20:18,42728.50,25,563375
20221118,10:20:28,42726.00,50,563375
20221118,10:20:32,42723.05,25,563375
20221118,10:20:33,42725.15,25,563375
20221118,10:20:35,42725.45,25,563375
20221118,10:20:36,42723.00,25,563375
20221118,10:20:48,42720.15,50,564325
20221118,10:21:09,42721.70,100,564325
20221118,10:21:12,42721.70,50,564325
20221118,10:21:45,42715.40,50,564325
20221118,10:21:46,42715.05,50,564325
20221118,10:21:55,42715.00,100,564325
20221118,10:22:00,42719.00,50,564325
20221118,10:22:23,42719.00,25,564325
20221118,10:22:26,42722.20,50,564325
20221118,10:22:34,42722.35,75,564325
20221118,10:22:35,42722.95,25,564325
20221118,10:22:45,42720.00,25,564325
20221118,10:22:48,42720.00,25,564325
20221118,10:22:57,42716.05,25,564325
20221118,10:23:01,42720.00,50,564325
20221118,10:23:06,42720.95,25,564325
20221118,10:23:37,42719.40,25,564325
20221118,10:23:48,42718.30,50,564750
20221118,10:23:55,42717.40,50,564750
20221118,10:23:57,42717.15,25,564750
20221118,10:24:28,42720.00,25,564750
20221118,10:25:03,42720.00,25,564750
20221118,10:25:15,42720.00,25,564750
20221118,10:25:17,42720.00,25,564750
20221118,10:25:19,42720.00,25,564750
20221118,10:25:22,42720.95,25,564750
20221118,10:25:32,42720.95,75,564750
20221118,10:25:46,42725.00,25,564750
20221118,10:26:02,42727.90,100,564750
20221118,10:26:03,42725.20,25,564750
20221118,10:26:05,42727.40,50,564750
20221118,10:26:11,42725.10,50,564750
20221118,10:26:14,42725.10,25,564750
20221118,10:26:17,42728.00,50,564750
20221118,10:26:25,42728.40,25,564750
20221118,10:26:31,42726.70,25,564750
20221118,10:26:33,42729.00,25,564750
20221118,10:26:42,42724.70,50,565125
20221118,10:26:51,42726.90,25,565125
20221118,10:26:52,42726.90,25,565125
20221118,10:26:59,42728.75,25,565125
20221118,10:27:13,42725.65,75,565125
20221118,10:27:15,42728.50,25,565125
20221118,10:27:16,42723.45,25,565125
20221118,10:27:20,42728.10,25,565125
20221118,10:27:27,42725.45,100,565125
20221118,10:27:43,42726.20,25,565125
20221118,10:27:57,42730.00,25,565125
20221118,10:28:00,42730.00,25,565125
20221118,10:28:12,42736.80,100,565125
20221118,10:28:15,42737.05,50,565125
20221118,10:28:19,42740.80,75,565125
20221118,10:28:22,42739.45,50,565125
20221118,10:28:23,42737.20,50,565125
20221118,10:28:25,42739.00,25,565125
20221118,10:28:28,42738.15,75,565125
20221118,10:28:45,42733.80,25,565125
20221118,10:29:13,42735.90,25,565125
20221118,10:29:21,42735.95,75,565125
20221118,10:29:27,42733.80,450,565125
20221118,10:29:28,42734.05,50,565125
20221118,10:29:30,42734.05,50,565125
20221118,10:29:32,42734.15,50,565125
20221118,10:29:33,42734.10,50,565125
20221118,10:29:35,42733.80,75,565125
20221118,10:29:38,42732.10,75,565125
20221118,10:29:39,42730.00,50,565125
20221118,10:29:41,42729.30,175,566125
20221118,10:29:44,42727.00,25,566125
20221118,10:30:02,42729.05,25,566125
20221118,10:30:05,42729.55,50,566125
20221118,10:30:06,42729.05,125,566125
20221118,10:30:13,42727.55,25,566125
20221118,10:30:16,42729.80,100,566125
20221118,10:30:20,42725.00,150,566125
20221118,10:30:22,42724.85,50,566125
20221118,10:30:23,42723.45,50,566125
20221118,10:30:25,42722.00,75,566125
20221118,10:30:28,42722.00,25,566125
20221118,10:30:31,42722.05,25,566125
20221118,10:30:36,42720.00,75,566125
20221118,10:30:40,42720.00,25,566125
20221118,10:30:55,42733.00,25,566125
20221118,10:31:06,42733.20,25,566125
20221118,10:31:14,42733.80,125,566125
20221118,10:31:15,42736.20,25,566125
20221118,10:31:23,42735.25,50,566125
20221118,10:31:44,42732.00,25,566125
20221118,10:31:45,42731.00,200,566125
20221118,10:31:51,42726.15,25,566125
20221118,10:32:04,42728.25,50,566125
20221118,10:32:18,42727.10,25,566125
20221118,10:32:22,42727.10,100,566125
20221118,10:32:24,42727.90,25,566125
20221118,10:32:25,42727.95,75,566125
20221118,10:32:31,42727.75,25,566125
20221118,10:32:32,42727.35,25,566125
20221118,10:32:46,42720.35,25,567250
20221118,10:32:50,42721.80,50,567250
20221118,10:32:51,42721.80,50,567250
20221118,10:32:54,42722.35,100,567250
20221118,10:32:56,42725.75,25,567250
20221118,10:33:00,42725.85,25,567250
20221118,10:33:03,42725.35,25,567250
20221118,10:33:11,42727.95,50,567250
20221118,10:33:17,42731.40,100,567250
20221118,10:33:19,42731.45,75,567250
20221118,10:33:22,42731.70,50,567250
20221118,10:33:37,42729.30,350,567250
20221118,10:33:40,42730.50,250,567250
20221118,10:33:43,42730.25,25,567250
20221118,10:33:44,42729.90,50,567250
20221118,10:33:46,42726.95,25,567250
20221118,10:33:58,42725.50,50,567250
20221118,10:34:03,42725.05,25,567250
20221118,10:34:11,42725.00,25,567250
20221118,10:34:12,42725.00,100,567250
20221118,10:34:14,42722.35,250,567250
20221118,10:34:17,42722.10,50,567250
20221118,10:34:20,42721.95,50,567250
20221118,10:34:29,42721.25,25,567250
20221118,10:34:44,42718.40,150,567250
20221118,10:34:59,42716.00,25,567250
20221118,10:35:03,42716.00,25,567250
20221118,10:35:06,42715.00,100,567250
20221118,10:35:15,42711.55,25,567250
20221118,10:35:19,42710.05,50,567250
20221118,10:35:26,42710.00,125,567250
20221118,10:35:38,42705.00,25,567250
20221118,10:35:42,42705.00,75,567250
20221118,10:35:49,42703.70,25,568575
20221118,10:36:03,42705.05,25,568575
20221118,10:36:06,42703.70,50,568575
20221118,10:36:08,42705.00,50,568575
20221118,10:36:11,42705.00,25,568575
20221118,10:36:15,42705.00,25,568575
20221118,10:36:25,42706.05,25,568575
20221118,10:36:33,42706.05,25,568575
20221118,10:36:40,42705.00,75,568575
20221118,10:36:42,42703.55,50,568575
20221118,10:36:53,42706.05,50,568575
20221118,10:36:56,42700.10,275,568575
20221118,10:37:07,42700.90,50,568575
20221118,10:37:08,42700.10,25,568575
20221118,10:37:10,42702.35,100,568575
20221118,10:37:12,42690.05,1150,568575
20221118,10:37:13,42690.05,75,568575
20221118,10:37:17,42692.15,25,568575
20221118,10:37:18,42690.85,25,568575
20221118,10:37:24,42691.90,50,568575
20221118,10:37:32,42690.00,100,568575
20221118,10:37:37,42685.10,50,568575
20221118,10:37:44,42685.10,25,568575
20221118,10:37:58,42682.75,50,568575
20221118,10:38:01,42682.75,50,568575
20221118,10:38:02,42682.00,100,568575
20221118,10:38:06,42685.15,100,568575
20221118,10:38:10,42680.95,100,568575
20221118,10:38:25,42685.00,25,568575
20221118,10:38:26,42685.05,150,568575
20221118,10:38:42,42684.25,50,568575
20221118,10:38:49,42684.25,50,569400
20221118,10:38:54,42684.00,125,569400
20221118,10:39:00,42682.00,25,569400
20221118,10:39:06,42682.55,50,569400
20221118,10:39:07,42682.00,25,569400
20221118,10:39:10,42681.00,75,569400
20221118,10:39:12,42680.95,25,569400
20221118,10:39:16,42680.00,150,569400
20221118,10:39:22,42678.00,425,569400
20221118,10:39:25,42678.00,25,569400
20221118,10:39:27,42676.15,250,569400
20221118,10:39:28,42679.25,25,569400
20221118,10:39:30,42684.85,550,569400
20221118,10:39:32,42685.35,50,569400
20221118,10:39:34,42681.65,25,569400
20221118,10:39:37,42681.80,300,569400
20221118,10:39:41,42681.75,25,569400
20221118,10:39:44,42685.35,125,569400
20221118,10:39:47,42688.10,100,569400
20221118,10:39:48,42682.95,50,569400
20221118,10:39:59,42685.00,25,569400
20221118,10:40:05,42685.00,25,569400
20221118,10:40:13,42682.00,25,569400
20221118,10:40:15,42682.00,25,569400
20221118,10:40:18,42682.00,25,569400
20221118,10:40:20,42680.00,25,569400
20221118,10:40:21,42680.90,25,569400
20221118,10:40:23,42680.00,50,569400
20221118,10:40:24,42680.00,75,569400
20221118,10:40:26,42680.00,125,569400
20221118,10:40:31,42676.05,50,569400
20221118,10:40:34,42681.20,25,569400
20221118,10:40:39,42680.75,75,569400
20221118,10:40:45,42680.00,25,569400
20221118,10:40:48,42680.00,50,569400
20221118,10:40:52,42676.00,25,569400
20221118,10:40:56,42675.00,100,569400
20221118,10:40:58,42675.00,50,569400
20221118,10:41:02,42676.00,25,569400
20221118,10:41:08,42676.00,25,569400
20221118,10:41:10,42676.00,25,569400
20221118,10:41:11,42676.00,250,569400
20221118,10:41:13,42675.15,225,569400
20221118,10:41:14,42675.00,50,569400
20221118,10:41:19,42670.05,50,569400
20221118,10:41:26,42670.05,25,569400
20221118,10:41:28,42670.00,25,569400
20221118,10:41:29,42668.00,25,569400
20221118,10:41:32,42667.95,25,569400
20221118,10:41:39,42667.95,50,569400
20221118,10:41:42,42670.00,25,569400
20221118,10:41:50,42666.80,50,570300
20221118,10:41:57,42666.80,75,570300
20221118,10:41:58,42670.00,100,570300
20221118,10:42:04,42670.00,25,570300
20221118,10:42:05,42669.95,75,570300
20221118,10:42:16,42669.45,25,570300
20221118,10:42:17,42669.50,50,570300
20221118,10:42:19,42666.65,75,570300
20221118,10:42:23,42670.00,250,570300
20221118,10:42:25,42673.00,50,570300
20221118,10:42:26,42673.80,25,570300
20221118,10:42:30,42675.00,25,570300
20221118,10:42:32,42675.00,75,570300
20221118,10:42:34,42673.05,100,570300
20221118,10:42:40,42672.65,100,570300
20221118,10:42:47,42675.35,25,570300
20221118,10:42:57,42673.95,25,570300
20221118,10:43:01,42673.05,25,570300
20221118,10:43:07,42673.00,50,570300
20221118,10:43:10,42674.00,50,570300
20221118,10:43:13,42673.15,300,570300
20221118,10:43:15,42673.75,50,570300
20221118,10:43:33,42671.00,25,570300
20221118,10:43:34,42671.00,50,570300
20221118,10:43:38,42671.50,25,570300
20221118,10:43:40,42672.10,25,570300
20221118,10:43:46,42673.00,25,570300
20221118,10:43:52,42673.75,25,570300
20221118,10:43:54,42675.30,25,570300
20221118,10:43:57,42675.35,50,570300
20221118,10:44:01,42675.55,25,570300
20221118,10:44:04,42675.80,25,570300
20221118,10:44:14,42676.30,50,570300
20221118,10:44:16,42676.05,25,570300
20221118,10:44:19,42671.10,50,570300
20221118,10:44:25,42675.75,25,570300
20221118,10:44:32,42670.00,400,570300
20221118,10:44:33,42675.75,25,570300
20221118,10:44:36,42675.75,50,570300
20221118,10:44:41,42676.00,100,570300
20221118,10:44:43,42670.55,25,570300
20221118,10:44:47,42675.90,25,570375
20221118,10:44:48,42675.95,25,570375
20221118,10:44:56,42675.95,25,570375
20221118,10:45:11,42671.85,50,570375
20221118,10:45:13,42670.00,75,570375
20221118,10:45:14,42670.00,25,570375
20221118,10:45:16,42666.05,175,570375
20221118,10:45:17,42666.00,50,570375
20221118,10:45:19,42666.00,50,570375
20221118,10:45:20,42669.05,25,570375
20221118,10:45:22,42666.00,500,570375
20221118,10:45:24,42667.00,25,570375
20221118,10:45:28,42667.55,25,570375
20221118,10:45:41,42677.50,25,570375
20221118,10:46:00,42680.00,50,570375
20221118,10:46:04,42678.55,25,570375
20221118,10:46:09,42688.70,25,570375
20221118,10:46:19,42690.75,50,570375
20221118,10:46:20,42691.00,75,570375
20221118,10:46:24,42693.05,75,570375
20221118,10:46:26,42690.80,125,570375
20221118,10:46:28,42690.80,25,570375
20221118,10:46:30,42690.45,900,570375
20221118,10:46:33,42681.00,1200,570375
20221118,10:46:39,42693.40,500,570375
20221118,10:46:47,42685.50,25,570375
20221118,10:46:52,42692.75,75,570375
20221118,10:46:53,42694.30,25,570375
20221118,10:46:57,42692.75,25,570375
20221118,10:46:58,42692.75,100,570375
20221118,10:47:00,42688.25,25,570375
20221118,10:47:02,42693.65,50,570375
20221118,10:47:06,42692.80,50,570375
20221118,10:47:11,42695.15,25,570375
20221118,10:47:16,42695.55,25,570375
20221118,10:47:21,42694.90,900,570375
20221118,10:47:22,42695.20,200,570375
20221118,10:47:28,42694.95,25,570375
20221118,10:47:29,42695.00,50,570375
20221118,10:47:39,42695.00,25,570375
20221118,10:47:44,42694.60,50,570375
20221118,10:47:47,42695.65,50,573125
20221118,10:47:58,42696.75,25,573125
20221118,10:48:04,42697.05,50,573125
20221118,10:48:13,42697.05,175,573125
20221118,10:48:16,42691.50,25,573125
20221118,10:48:19,42691.50,25,573125
20221118,10:48:21,42691.35,100,573125
20221118,10:48:25,42690.00,25,573125
20221118,10:48:35,42688.85,25,573125
20221118,10:48:37,42683.25,25,573125
20221118,10:48:40,42683.70,25,573125
20221118,10:48:42,42685.70,50,573125
20221118,10:48:44,42685.70,125,573125
20221118,10:48:55,42681.30,200,573125
20221118,10:48:56,42681.70,25,573125
20221118,10:49:04,42682.50,50,573125
20221118,10:49:06,42682.50,25,573125
20221118,10:49:17,42685.00,25,573125
20221118,10:49:18,42684.85,50,573125
20221118,10:49:23,42688.00,50,573125
20221118,10:49:24,42684.95,100,573125
20221118,10:49:34,42685.50,25,573125
20221118,10:49:43,42685.50,50,573125
20221118,10:49:48,42685.50,25,573125
20221118,10:49:58,42674.70,300,573125
20221118,10:50:00,42679.40,25,573125
20221118,10:50:14,42677.00,175,573125
20221118,10:50:15,42676.15,50,573125
20221118,10:50:17,42678.00,400,573125
20221118,10:50:20,42676.20,25,573125
20221118,10:50:29,42677.40,50,573125
20221118,10:50:30,42677.65,125,573125
20221118,10:50:33,42677.65,125,573125
20221118,10:50:41,42675.50,25,573125
20221118,10:50:49,42674.65,25,573725
20221118,10:50:51,42670.45,25,573725
20221118,10:50:54,42670.00,25,573725
20221118,10:50:57,42674.20,175,573725
20221118,10:51:07,42668.20,200,573725
20221118,10:51:08,42667.00,50,573725
20221118,10:51:10,42650.00,1550,573725
20221118,10:51:12,42657.75,25,573725
20221118,10:51:15,42652.75,675,573725
20221118,10:51:16,42651.75,625,573725
20221118,10:51:18,42657.75,25,573725
20221118,10:51:24,42652.40,25,573725
20221118,10:51:26,42652.35,275,573725
20221118,10:51:28,42649.00,175,573725
20221118,10:51:29,42649.00,25,573725
20221118,10:51:36,42645.00,175,573725
20221118,10:51:37,42645.00,125,573725
20221118,10:51:39,42645.00,225,573725
20221118,10:51:42,42644.85,50,573725
20221118,10:51:45,42644.00,25,573725
20221118,10:51:47,42639.00,400,573725
20221118,10:51:50,42639.00,50,573725
20221118,10:51:53,42644.85,150,573725
20221118,10:51:59,42648.65,50,573725
20221118,10:52:04,42642.45,25,573725
20221118,10:52:05,42640.00,50,573725
20221118,10:52:07,42640.00,25,573725
20221118,10:52:09,42635.05,25,573725
20221118,10:52:10,42626.00,125,573725
20221118,10:52:12,42625.80,125,573725
20221118,10:52:15,42621.05,275,573725
20221118,10:52:17,42625.50,50,573725
20221118,10:52:20,42628.10,25,573725
20221118,10:52:21,42640.35,100,573725
20221118,10:52:26,42642.80,150,573725
20221118,10:52:28,42638.75,25,573725
20221118,10:52:38,42638.75,50,573725
20221118,10:52:40,42638.30,25,573725
20221118,10:52:41,42638.00,25,573725
20221118,10:52:43,42632.80,25,573725
20221118,10:52:48,42638.00,25,573725
20221118,10:52:58,42640.00,25,573725
20221118,10:53:00,42636.60,50,573725
20221118,10:53:01,42640.00,25,573725
20221118,10:53:03,42632.85,25,573725
20221118,10:53:04,42638.30,200,573725
20221118,10:53:12,42636.90,25,573725
20221118,10:53:15,42637.10,25,573725
20221118,10:53:17,42636.90,25,573725
20221118,10:53:18,42637.15,50,573725
20221118,10:53:20,42630.00,450,573725
20221118,10:53:25,42638.80,25,573725
20221118,10:53:31,42640.00,25,573725
20221118,10:53:32,42638.80,25,573725
20221118,10:53:37,42635.45,100,573725
20221118,10:53:38,42644.90,50,573725
20221118,10:53:45,42640.30,25,573725
20221118,10:53:51,42644.90,25,575475
20221118,10:53:55,42643.15,50,575475
20221118,10:54:00,42638.60,150,575475
20221118,10:54:04,42637.10,50,575475
20221118,10:54:08,42634.85,50,575475
20221118,10:54:14,42631.50,50,575475
20221118,10:54:20,42630.00,200,575475
20221118,10:54:22,42631.95,125,575475
20221118,10:54:24,42630.05,25,575475
20221118,10:54:27,42631.90,50,575475
20221118,10:54:32,42630.00,25,575475
20221118,10:54:38,42634.80,125,575475
20221118,10:54:41,42632.60,25,575475
20221118,10:54:43,42630.00,25,575475
20221118,10:54:49,42630.00,25,575475
20221118,10:54:54,42630.00,125,575475
20221118,10:54:57,42627.70,150,575475
20221118,10:54:59,42625.00,25,575475
20221118,10:55:00,42625.00,25,575475
20221118,10:55:04,42620.00,825,575475
20221118,10:55:08,42620.00,25,575475
20221118,10:55:15,42623.15,250,575475
20221118,10:55:16,42629.80,50,575475
20221118,10:55:21,42625.00,25,575475
20221118,10:55:26,42620.05,75,575475
20221118,10:55:32,42624.95,25,575475
20221118,10:55:38,42625.00,275,575475
20221118,10:55:40,42629.00,25,575475
20221118,10:55:41,42630.90,125,575475
20221118,10:55:44,42630.90,100,575475
20221118,10:55:45,42630.05,50,575475
20221118,10:55:51,42632.90,50,575475
20221118,10:55:54,42632.90,50,575475
20221118,10:55:55,42630.90,25,575475
20221118,10:55:57,42630.90,25,575475
20221118,10:56:02,42634.80,50,575475
20221118,10:56:11,42632.00,25,575475
20221118,10:56:17,42632.00,900,575475
20221118,10:56:18,42632.00,900,575475
20221118,10:56:20,42634.55,50,575475
20221118,10:56:23,42634.55,600,575475
20221118,10:56:24,42634.55,150,575475
20221118,10:56:27,42635.65,25,575475
20221118,10:56:34,42635.00,25,575475
20221118,10:56:40,42637.75,50,575475
20221118,10:56:44,42638.25,75,575475
20221118,10:56:49,42638.25,425,576600
20221118,10:56:52,42640.00,75,576600
20221118,10:56:58,42645.75,100,576600
20221118,10:57:00,42643.45,50,576600
20221118,10:57:03,42643.50,25,576600
20221118,10:57:04,42640.00,25,576600
20221118,10:57:06,42641.45,25,576600
20221118,10:57:07,42640.00,75,576600
20221118,10:57:08,42636.25,75,576600
20221118,10:57:26,42635.00,250,576600
20221118,10:57:36,42635.00,50,576600
20221118,10:57:38,42633.00,25,576600
20221118,10:57:44,42630.00,25,576600
20221118,10:57:45,42629.40,25,576600
20221118,10:57:50,42626.75,75,576600
20221118,10:57:52,42619.10,300,576600
20221118,10:57:53,42612.00,275,576600
20221118,10:57:56,42624.95,50,576600
20221118,10:58:09,42620.15,50,576600
20221118,10:58:10,42620.20,50,576600
20221118,10:58:12,42617.50,175,576600
20221118,10:58:17,42615.05,100,576600
20221118,10:58:18,42606.00,375,576600
20221118,10:58:20,42605.35,50,576600
20221118,10:58:21,42604.00,100,576600
20221118,10:58:23,42604.00,225,576600
20221118,10:58:24,42603.15,75,576600
20221118,10:58:28,42602.00,75,576600
20221118,10:58:29,42601.75,75,576600
20221118,10:58:34,42602.20,50,576600
20221118,10:58:36,42608.85,225,576600
20221118,10:58:37,42610.00,75,576600
20221118,10:58:39,42610.00,50,576600
20221118,10:58:40,42610.15,50,576600
20221118,10:58:45,42610.10,25,576600
20221118,10:58:46,42615.00,25,576600
20221118,10:58:48,42610.15,500,576600
20221118,10:58:50,42615.00,25,576600
20221118,10:58:59,42612.00,150,576600
20221118,10:59:00,42615.00,75,576600
20221118,10:59:03,42612.10,50,576600
20221118,10:59:08,42615.00,75,576600
20221118,10:59:14,42614.15,50,576600
20221118,10:59:15,42615.00,25,576600
20221118,10:59:17,42614.05,50,576600
20221118,10:59:18,42614.05,25,576600
20221118,10:59:19,42614.05,25,576600
20221118,10:59:21,42614.05,25,576600
20221118,10:59:24,42614.05,75,576600
20221118,10:59:26,42614.15,25,576600
20221118,10:59:34,42610.00,100,576600
20221118,10:59:36,42610.00,25,576600
20221118,10:59:38,42615.00,25,576600
20221118,10:59:49,42614.90,50,578325
20221118,10:59:51,42613.00,200,578325
20221118,10:59:52,42613.20,75,578325
20221118,10:59:53,42615.30,150,578325
20221118,10:59:57,42616.70,25,578325
20221118,10:59:58,42623.55,175,578325
20221118,11:00:01,42620.10,50,578325
20221118,11:00:03,42616.00,125,578325
20221118,11:00:04,42613.15,25,578325
20221118,11:00:07,42616.65,25,578325
20221118,11:00:09,42620.10,125,578325
20221118,11:00:10,42621.00,50,578325
20221118,11:00:13,42620.05,25,578325
20221118,11:00:15,42619.55,100,578325
20221118,11:00:16,42610.40,25,578325
20221118,11:00:19,42610.00,100,578325
20221118,11:00:22,42611.05,100,578325
20221118,11:00:24,42611.00,25,578325
20221118,11:00:29,42611.70,75,578325
20221118,11:00:33,42611.00,25,578325
20221118,11:00:36,42612.00,50,578325
20221118,11:00:44,42611.65,25,578325
20221118,11:00:47,42605.00,25,578325
20221118,11:00:50,42605.00,100,578325
20221118,11:00:51,42603.00,25,578325
20221118,11:00:53,42605.00,25,578325
20221118,11:00:54,42603.00,25,578325
20221118,11:00:56,42601.00,75,578325
20221118,11:00:59,42601.00,125,578325
20221118,11:01:04,42600.05,50,578325
20221118,11:01:06,42600.05,25,578325
20221118,11:01:07,42600.00,200,578325
20221118,11:01:09,42600.00,25,578325
20221118,11:01:12,42605.70,75,578325
20221118,11:01:14,42601.00,275,578325
20221118,11:01:15,42604.95,25,578325
20221118,11:01:17,42600.05,100,578325
20221118,11:01:18,42604.80,175,578325
20221118,11:01:20,42604.80,25,578325
20221118,11:01:21,42604.85,25,578325
20221118,11:01:23,42604.80,50,578325
20221118,11:01:26,42601.60,200,578325
20221118,11:01:28,42606.60,100,578325
20221118,11:01:31,42608.15,150,578325
20221118,11:01:32,42604.00,100,578325
20221118,11:01:37,42607.35,200,578325
20221118,11:01:39,42601.70,25,578325
20221118,11:01:40,42601.80,100,578325
20221118,11:01:47,42600.00,300,578325
20221118,11:01:51,42600.00,175,578325
20221118,11:02:00,42601.80,25,578325
20221118,11:02:02,42600.00,175,578325
20221118,11:02:03,42597.00,1000,578325
20221118,11:02:12,42595.90,25,578325
20221118,11:02:13,42590.05,125,578325
20221118,11:02:18,42594.00,25,578325
20221118,11:02:19,42596.15,25,578325
20221118,11:02:24,42590.00,200,578325
20221118,11:02:25,42590.00,25,578325
20221118,11:02:27,42595.00,100,578325
20221118,11:02:30,42595.00,50,578325
20221118,11:02:33,42588.75,175,578325
20221118,11:02:35,42586.95,100,578325
20221118,11:02:39,42586.95,25,578325
20221118,11:02:41,42588.00,25,578325
20221118,11:02:42,42592.95,75,578325
20221118,11:02:44,42592.50,25,578325
20221118,11:02:45,42583.70,100,578325
20221118,11:02:48,42581.95,25,578325
20221118,11:02:50,42581.95,25,580050
20221118,11:02:53,42581.05,25,580050
20221118,11:02:54,42581.05,25,580050
20221118,11:02:56,42582.55,50,580050
20221118,11:02:58,42587.00,25,580050
20221118,11:03:00,42588.85,50,580050
20221118,11:03:03,42585.00,25,580050
20221118,11:03:04,42590.00,75,580050
20221118,11:03:06,42587.00,75,580050
20221118,11:03:07,42586.00,50,580050
20221118,11:03:09,42590.00,250,580050
20221118,11:03:10,42586.00,25,580050
20221118,11:03:20,42583.90,150,580050
20221118,11:03:25,42590.00,775,580050
20221118,11:03:29,42595.85,25,580050
20221118,11:03:33,42590.15,25,580050
20221118,11:03:35,42590.00,100,580050
20221118,11:03:36,42595.85,25,580050
20221118,11:03:37,42595.85,25,580050
20221118,11:03:39,42595.85,25,580050
20221118,11:03:40,42598.10,50,580050
20221118,11:03:43,42598.10,25,580050
20221118,11:03:45,42597.95,25,580050
20221118,11:03:52,42601.95,275,580050
20221118,11:03:54,42602.70,50,580050
20221118,11:03:58,42599.40,50,580050
20221118,11:04:00,42600.90,300,580050
20221118,11:04:17,42600.50,50,580050
20221118,11:04:19,42602.55,25,580050
20221118,11:04:22,42599.95,25,580050
20221118,11:04:25,42591.85,25,580050
20221118,11:04:27,42598.65,250,580050
20221118,11:04:29,42593.05,25,580050
20221118,11:04:36,42593.05,150,580050
20221118,11:04:39,42590.40,25,580050
20221118,11:04:40,42594.95,25,580050
20221118,11:04:43,42594.90,25,580050
20221118,11:04:45,42594.85,125,580050
20221118,11:04:47,42596.05,100,580050
20221118,11:04:49,42595.25,50,580050
20221118,11:04:50,42596.10,250,580050
20221118,11:05:03,42599.40,325,580050
20221118,11:05:06,42593.10,100,580050
20221118,11:05:09,42596.95,25,580050
20221118,11:05:11,42595.80,150,580050
20221118,11:05:14,42595.80,50,580050
20221118,11:05:16,42596.35,200,580050
20221118,11:05:17,42594.80,100,580050
20221118,11:05:20,42596.00,100,580050
20221118,11:05:22,42595.95,325,580050
20221118,11:05:25,42595.95,350,580050
20221118,11:05:27,42592.55,100,580050
20221118,11:05:28,42592.55,100,580050
20221118,11:05:30,42599.35,100,580050
20221118,11:05:32,42595.95,50,580050
20221118,11:05:33,42599.15,100,580050
20221118,11:05:35,42592.55,25,580050
20221118,11:05:42,42594.30,150,580050
20221118,11:05:45,42592.60,100,580050
20221118,11:05:47,42592.60,100,580050
20221118,11:05:48,42594.30,25,580050
20221118,11:05:50,42598.30,175,578425
20221118,11:05:53,42599.15,25,578425
20221118,11:06:07,42600.00,25,578425
20221118,11:06:10,42592.70,25,578425
20221118,11:06:16,42599.10,100,578425
20221118,11:06:19,42599.15,25,578425
20221118,11:06:23,42599.55,50,578425
20221118,11:06:25,42599.00,125,578425
20221118,11:06:28,42591.80,75,578425
20221118,11:06:30,42599.95,25,578425
20221118,11:06:32,42600.00,50,578425
20221118,11:06:33,42600.00,25,578425
20221118,11:06:35,42599.95,25,578425
20221118,11:06:36,42598.85,25,578425
20221118,11:06:38,42592.25,50,578425
20221118,11:07:01,42595.00,50,578425
20221118,11:07:05,42599.25,25,578425
20221118,11:07:07,42593.90,25,578425
20221118,11:07:08,42598.40,25,578425
20221118,11:07:10,42591.85,25,578425
20221118,11:07:11,42598.95,25,578425
20221118,11:07:13,42592.00,25,578425
20221118,11:07:19,42592.35,25,578425
20221118,11:07:22,42600.00,25,578425
20221118,11:07:25,42600.70,25,578425
20221118,11:07:28,42602.60,50,578425
20221118,11:07:30,42597.30,25,578425
20221118,11:07:31,42596.70,25,578425
20221118,11:07:33,42608.10,225,578425
20221118,11:07:35,42608.50,25,578425
20221118,11:07:36,42608.55,50,578425
20221118,11:07:38,42611.00,125,578425
20221118,11:07:40,42611.40,100,578425
20221118,11:07:43,42612.60,50,578425
20221118,11:07:44,42611.00,50,578425
20221118,11:07:47,42608.35,25,578425
20221118,11:07:49,42611.00,25,578425
20221118,11:07:50,42611.35,50,578425
20221118,11:07:54,42613.60,75,578425
20221118,11:08:00,42616.25,125,578425
20221118,11:08:06,42616.50,25,578425
20221118,11:08:07,42619.40,50,578425
20221118,11:08:10,42620.40,50,578425
20221118,11:08:12,42620.40,50,578425
20221118,11:08:15,42616.80,100,578425
20221118,11:08:19,42609.05,50,578425
20221118,11:08:54,42611.40,25,578125
20221118,11:08:59,42609.10,25,578125
20221118,11:09:01,42611.15,50,578125
20221118,11:09:04,42609.05,25,578125
20221118,11:09:06,42607.20,125,578125
20221118,11:09:07,42601.20,125,578125
20221118,11:09:11,42600.75,25,578125
20221118,11:09:12,42595.55,375,578125
20221118,11:09:14,42595.00,250,578125
20221118,11:09:16,42594.75,100,578125
20221118,11:09:17,42594.90,200,578125
20221118,11:09:20,42592.05,425,578125
20221118,11:09:22,42588.00,400,578125
20221118,11:09:24,42585.65,475,578125
20221118,11:09:27,42580.00,250,578125
20221118,11:09:28,42580.00,75,578125
20221118,11:09:32,42580.00,450,578125
20221118,11:09:35,42585.75,100,578125
20221118,11:09:40,42581.95,25,578125
20221118,11:09:46,42585.10,25,578125
20221118,11:09:58,42581.20,25,578125
20221118,11:10:04,42585.20,50,578125
20221118,11:10:09,42581.70,25,578125
20221118,11:10:17,42582.00,25,578125
20221118,11:10:23,42590.65,25,578125
20221118,11:10:25,42583.35,50,578125
20221118,11:10:30,42586.45,25,578125
20221118,11:10:33,42589.95,125,578125
20221118,11:10:36,42581.80,25,578125
20221118,11:10:43,42585.55,25,578125
20221118,11:10:52,42588.95,75,578125
20221118,11:10:55,42583.30,175,578125
20221118,11:10:58,42583.45,50,578125
20221118,11:11:00,42585.55,50,578125
20221118,11:11:05,42587.55,25,578125
20221118,11:11:09,42586.40,50,578125
20221118,11:11:12,42586.75,50,578125
20221118,11:11:15,42580.15,25,578125
20221118,11:11:21,42586.75,25,578125
20221118,11:11:22,42584.90,50,578125
20221118,11:11:27,42581.05,50,578125
20221118,11:11:28,42584.90,25,578125
20221118,11:11:35,42586.35,50,578125
20221118,11:11:45,42585.25,25,578125
20221118,11:11:49,42585.20,25,578125
20221118,11:11:53,42581.90,125,578575
20221118,11:11:55,42580.05,25,578575
20221118,11:11:58,42580.10,75,578575
20221118,11:12:01,42580.00,100,578575
20221118,11:12:02,42580.00,25,578575
20221118,11:12:06,42580.00,50,578575
20221118,11:12:08,42578.75,675,578575
20221118,11:12:09,42575.00,225,578575
20221118,11:12:11,42575.00,100,578575
20221118,11:12:12,42575.00,250,578575
20221118,11:12:14,42572.00,25,578575
20221118,11:12:15,42570.00,25,578575
20221118,11:12:17,42563.50,275,578575
20221118,11:12:19,42559.00,250,578575
20221118,11:12:20,42555.00,250,578575
20221118,11:12:22,42561.50,175,578575
20221118,11:12:23,42560.40,150,578575
20221118,11:12:25,42561.50,200,578575
20221118,11:12:26,42563.10,150,578575
20221118,11:12:28,42554.65,50,578575
20221118,11:12:29,42554.65,175,578575
20221118,11:12:31,42551.15,250,578575
20221118,11:12:33,42551.05,25,578575
20221118,11:12:34,42551.05,25,578575
20221118,11:12:36,42550.00,525,578575
20221118,11:12:37,42550.00,100,578575
20221118,11:12:39,42551.60,175,578575
20221118,11:12:40,42551.55,100,578575
20221118,11:12:42,42551.05,425,578575
20221118,11:12:45,42555.05,25,578575
20221118,11:12:46,42559.40,50,578575
20221118,11:12:48,42551.30,25,578575
20221118,11:12:50,42555.05,50,578575
20221118,11:12:54,42555.50,100,578575
20221118,11:13:10,42553.80,25,578575
20221118,11:13:13,42555.50,25,578575
20221118,11:13:14,42560.00,25,578575
20221118,11:13:16,42560.25,25,578575
20221118,11:13:17,42560.25,250,578575
20221118,11:13:19,42555.00,75,578575
20221118,11:13:22,42555.50,25,578575
20221118,11:13:25,42555.50,25,578575
20221118,11:13:29,42550.15,150,578575
20221118,11:13:31,42550.10,25,578575
20221118,11:13:33,42556.55,25,578575
20221118,11:13:35,42555.50,25,578575
20221118,11:13:38,42559.30,50,578575
20221118,11:13:40,42551.30,175,578575
20221118,11:13:48,42558.05,150,578575
20221118,11:13:51,42551.95,25,578575
20221118,11:13:53,42557.05,25,578575
20221118,11:13:56,42558.25,25,578575
20221118,11:13:59,42551.30,125,578575
20221118,11:14:02,42551.10,75,578575
20221118,11:14:03,42555.70,25,578575
20221118,11:14:11,42551.15,25,578575
20221118,11:14:14,42551.30,125,578575
20221118,11:14:16,42555.35,25,578575
20221118,11:14:21,42550.00,25,578575
20221118,11:14:23,42550.00,50,578575
20221118,11:14:24,42550.00,100,578575
20221118,11:14:26,42549.00,525,578575
20221118,11:14:27,42542.00,100,578575
20221118,11:14:29,42540.00,150,578575
20221118,11:14:31,42535.00,275,578575
20221118,11:14:36,42534.10,25,578575
20221118,11:14:37,42534.10,50,578575
20221118,11:14:42,42545.00,25,578575
20221118,11:14:44,42541.00,25,578575
20221118,11:14:47,42539.35,25,578575
20221118,11:14:54,42545.00,25,579675
20221118,11:15:04,42544.95,50,579675
20221118,11:15:05,42544.95,25,579675
20221118,11:15:07,42545.00,25,579675
20221118,11:15:09,42547.35,125,579675
20221118,11:15:10,42547.05,25,579675
20221118,11:15:13,42558.00,25,579675
20221118,11:15:15,42559.30,25,579675
20221118,11:15:18,42554.25,50,579675
20221118,11:15:25,42556.00,150,579675
20221118,11:15:31,42553.15,125,579675
20221118,11:15:35,42553.15,75,579675
20221118,11:15:36,42563.65,25,579675
20221118,11:15:39,42564.65,25,579675
20221118,11:15:41,42564.15,25,579675
20221118,11:15:43,42564.85,25,579675
20221118,11:15:44,42564.55,25,579675
20221118,11:15:46,42563.65,50,579675
20221118,11:15:47,42562.85,25,579675
20221118,11:15:49,42561.35,25,579675
20221118,11:15:51,42556.65,25,579675
20221118,11:15:52,42558.30,75,579675
20221118,11:15:59,42564.15,25,579675
20221118,11:16:00,42560.00,50,579675
20221118,11:16:07,42556.65,25,579675
20221118,11:16:10,42555.55,50,579675
20221118,11:16:12,42557.00,50,579675
20221118,11:16:15,42556.30,50,579675
20221118,11:16:16,42555.50,100,579675
20221118,11:16:21,42554.40,25,579675
20221118,11:16:24,42553.55,25,579675
20221118,11:16:27,42550.60,25,579675
20221118,11:16:38,42552.35,25,579675
20221118,11:16:40,42557.05,25,579675
20221118,11:16:44,42557.05,25,579675
20221118,11:16:49,42558.00,25,579675
20221118,11:16:50,42558.00,25,579675
20221118,11:16:52,42557.05,25,579675
20221118,11:16:57,42558.00,25,579675
20221118,11:17:00,42558.00,25,579675
20221118,11:17:01,42556.05,50,579675
20221118,11:17:03,42560.00,25,579675
20221118,11:17:05,42556.15,25,579675
20221118,11:17:14,42558.20,25,579675
20221118,11:17:19,42560.00,25,579675
20221118,11:17:22,42558.20,50,579675
20221118,11:17:24,42560.10,50,579675
20221118,11:17:25,42559.50,25,579675
20221118,11:17:30,42558.95,50,579675
20221118,11:17:35,42555.50,75,579675
20221118,11:17:45,42559.90,50,579675
20221118,11:17:50,42560.00,25,579675
20221118,11:17:55,42555.55,25,580250
20221118,11:18:03,42555.00,25,580250
20221118,11:18:05,42556.00,25,580250
20221118,11:18:06,42554.40,25,580250
20221118,11:18:14,42554.00,25,580250
20221118,11:18:19,42550.15,25,580250
20221118,11:18:22,42552.20,125,580250
20221118,11:18:24,42545.00,175,580250
20221118,11:18:26,42540.00,50,580250
20221118,11:18:31,42540.50,25,580250
20221118,11:18:32,42541.50,50,580250
20221118,11:18:34,42550.00,200,580250
20221118,11:18:36,42551.85,100,580250
20221118,11:18:42,42541.05,25,580250
20221118,11:18:47,42541.15,25,580250
20221118,11:18:49,42549.30,100,580250
20221118,11:18:52,42549.20,25,580250
20221118,11:19:00,42540.00,25,580250
20221118,11:19:13,42545.30,25,580250
20221118,11:19:24,42545.35,50,580250
20221118,11:19:26,42545.35,75,580250
20221118,11:19:27,42545.35,75,580250
20221118,11:19:29,42547.00,150,580250
20221118,11:19:32,42541.05,25,580250
20221118,11:19:40,42541.05,25,580250
20221118,11:19:46,42555.85,300,580250
20221118,11:19:55,42554.85,25,580250
20221118,11:19:59,42555.00,25,580250
20221118,11:20:05,42554.55,50,580250
20221118,11:20:08,42554.60,50,580250
20221118,11:20:10,42554.60,25,580250
20221118,11:20:25,42554.60,25,580250
20221118,11:20:28,42555.85,25,580250
20221118,11:20:31,42559.90,50,580250
20221118,11:20:38,42554.80,25,580250
20221118,11:20:39,42565.00,25,580250
20221118,11:20:43,42567.25,150,580250
20221118,11:20:44,42559.90,225,580250
20221118,11:20:46,42567.80,25,580250
20221118,11:20:47,42567.90,25,580250
20221118,11:20:50,42563.75,125,580250
20221118,11:20:52,42567.85,25,581000
20221118,11:20:54,42566.00,25,581000
20221118,11:20:55,42565.80,50,581000
20221118,11:20:57,42568.00,50,581000
20221118,11:20:59,42576.80,50,581000
20221118,11:21:00,42576.00,50,581000
20221118,11:21:02,42573.75,50,581000
20221118,11:21:08,42571.95,25,581000
20221118,11:21:10,42570.00,50,581000
20221118,11:21:13,42563.85,25,581000
20221118,11:21:16,42567.65,50,581000
20221118,11:21:18,42568.70,25,581000
20221118,11:21:20,42568.30,25,581000
20221118,11:21:25,42564.70,50,581000
20221118,11:21:26,42563.75,25,581000
20221118,11:21:31,42563.00,525,581000
20221118,11:21:39,42566.15,75,581000
20221118,11:21:46,42570.35,25,581000
20221118,11:21:52,42564.85,25,581000
20221118,11:21:55,42570.00,50,581000
20221118,11:21:57,42569.10,25,581000
20221118,11:22:00,42566.30,50,581000
20221118,11:22:06,42572.10,50,581000
20221118,11:22:14,42567.95,75,581000
20221118,11:22:19,42569.00,75,581000
20221118,11:22:20,42569.00,50,581000
20221118,11:22:22,42570.00,50,581000
20221118,11:22:23,42573.45,25,581000
20221118,11:22:26,42571.00,50,581000
20221118,11:22:31,42573.00,50,581000
20221118,11:22:32,42573.00,25,581000
20221118,11:22:35,42573.00,25,581000
20221118,11:22:37,42575.75,25,581000
20221118,11:22:42,42574.05,25,581000
20221118,11:22:43,42573.80,50,581000
20221118,11:22:45,42570.00,50,581000
20221118,11:22:46,42570.00,50,581000
20221118,11:22:48,42570.00,25,581000
20221118,11:22:54,42570.00,25,581000
20221118,11:23:02,42567.40,25,581000
20221118,11:23:04,42568.10,25,581000
20221118,11:23:06,42569.45,25,581000
20221118,11:23:08,42572.20,100,581000
20221118,11:23:11,42573.65,25,581000
20221118,11:23:16,42565.35,75,581000
20221118,11:23:19,42572.10,25,581000
20221118,11:23:24,42571.40,25,581000
20221118,11:23:27,42571.00,25,581000
20221118,11:23:31,42571.25,25,581000
20221118,11:23:33,42571.30,25,581000
20221118,11:23:38,42572.00,25,581000
20221118,11:23:39,42575.00,25,581000
20221118,11:23:41,42575.00,25,581000
20221118,11:23:47,42578.50,50,581000
20221118,11:23:50,42574.00,25,581000
20221118,11:23:51,42572.05,25,581000
20221118,11:23:53,42574.95,50,581325
20221118,11:23:58,42575.05,25,581325
20221118,11:23:59,42580.00,200,581325
20221118,11:24:15,42579.95,25,581325
20221118,11:24:16,42580.00,25,581325
20221118,11:24:20,42580.00,25,581325
20221118,11:24:23,42579.95,25,581325
20221118,11:24:25,42581.10,25,581325
20221118,11:24:26,42574.30,50,581325
20221118,11:24:28,42574.80,50,581325
20221118,11:24:31,42578.15,25,581325
20221118,11:24:34,42573.55,25,581325
20221118,11:24:38,42579.45,25,581325
20221118,11:24:42,42578.15,25,581325
20221118,11:24:44,42580.00,25,581325
20221118,11:24:45,42582.55,25,581325
20221118,11:24:48,42582.60,25,581325
20221118,11:24:50,42583.15,50,581325
20221118,11:24:51,42583.75,75,581325
20221118,11:24:53,42587.90,25,581325
20221118,11:24:55,42589.55,50,581325
20221118,11:24:58,42588.05,25,581325
20221118,11:25:01,42584.70,50,581325
20221118,11:25:03,42590.80,50,581325
20221118,11:25:04,42590.65,75,581325
20221118,11:25:06,42590.60,25,581325
20221118,11:25:07,42584.50,25,581325
20221118,11:25:10,42589.85,25,581325
20221118,11:25:12,42585.85,25,581325
20221118,11:25:14,42594.15,75,581325
20221118,11:25:15,42594.35,25,581325
20221118,11:25:17,42597.00,100,581325
20221118,11:25:18,42594.00,50,581325
20221118,11:25:20,42593.00,25,581325
20221118,11:25:22,42594.00,25,581325
20221118,11:25:25,42594.00,25,581325
20221118,11:25:26,42594.00,75,581325
20221118,11:25:28,42594.30,50,581325
20221118,11:25:29,42592.00,50,581325
20221118,11:25:31,42592.75,100,581325
20221118,11:25:32,42589.00,25,581325
20221118,11:25:41,42590.40,25,581325
20221118,11:25:45,42597.05,25,581325
20221118,11:25:48,42595.00,300,581325
20221118,11:25:54,42594.35,300,581325
20221118,11:25:57,42594.05,50,581325
20221118,11:26:01,42590.00,25,581325
20221118,11:26:03,42584.40,50,581325
20221118,11:26:08,42586.55,50,581325
20221118,11:26:09,42586.40,25,581325
20221118,11:26:17,42590.65,25,581325
20221118,11:26:22,42587.55,100,581325
20221118,11:26:24,42587.55,25,581325
20221118,11:26:35,42592.15,25,581325
20221118,11:26:36,42591.95,50,581325
20221118,11:26:38,42592.45,75,581325
20221118,11:26:43,42594.85,50,581325
20221118,11:26:48,42595.50,25,581325
20221118,11:26:49,42592.00,25,581325
20221118,11:26:52,42592.00,25,581325
20221118,11:26:54,42594.85,25,582650
20221118,11:27:00,42593.15,25,582650
20221118,11:27:03,42593.35,25,582650
20221118,11:27:06,42593.85,25,582650
20221118,11:27:08,42590.90,25,582650
20221118,11:27:09,42593.40,75,582650
20221118,11:27:14,42593.60,150,582650
20221118,11:27:17,42592.55,50,582650
20221118,11:27:18,42592.00,25,582650
20221118,11:27:23,42592.05,25,582650
20221118,11:27:28,42590.90,75,582650
20221118,11:27:33,42596.55,50,582650
20221118,11:27:35,42600.00,125,582650
20221118,11:27:36,42600.70,625,582650
20221118,11:27:40,42603.95,25,582650
20221118,11:27:43,42605.15,50,582650
20221118,11:27:44,42605.00,75,582650
20221118,11:27:47,42603.80,50,582650
20221118,11:27:50,42603.20,25,582650
20221118,11:27:56,42602.75,25,582650
20221118,11:27:58,42604.85,75,582650
20221118,11:27:59,42604.50,25,582650
20221118,11:28:01,42605.00,25,582650
20221118,11:28:08,42606.40,75,582650
20221118,11:28:12,42604.10,50,582650
20221118,11:28:14,42608.70,25,582650
20221118,11:28:15,42609.30,25,582650
20221118,11:28:17,42603.90,25,582650
20221118,11:28:20,42605.45,100,582650
20221118,11:28:25,42608.00,50,582650
20221118,11:28:27,42608.90,25,582650
20221118,11:28:36,42606.15,25,582650
20221118,11:28:41,42608.90,25,582650
20221118,11:28:50,42612.30,25,582650
20221118,11:28:52,42607.10,50,582650
20221118,11:28:53,42609.90,25,582650
20221118,11:28:55,42603.20,25,582650
20221118,11:28:56,42606.00,25,582650
20221118,11:29:04,42599.00,25,582650
20221118,11:29:10,42598.45,25,582650
20221118,11:29:11,42603.00,25,582650
20221118,11:29:14,42598.45,25,582650
20221118,11:29:20,42598.25,25,582650
20221118,11:29:23,42598.30,25,582650
20221118,11:29:27,42600.00,50,582650
20221118,11:29:35,42600.00,25,582650
20221118,11:29:36,42605.20,25,582650
20221118,11:29:41,42605.95,25,582650
20221118,11:29:43,42597.25,25,582650
20221118,11:29:46,42595.80,25,582650
20221118,11:29:52,42597.85,75,582650
20221118,11:29:54,42599.00,50,584100
20221118,11:29:58,42592.85,25,584100
20221118,11:30:02,42594.45,50,584100
20221118,11:30:04,42599.00,25,584100
20221118,11:30:10,42598.90,25,584100
20221118,11:30:16,42600.00,75,584100
20221118,11:30:19,42601.95,375,584100
20221118,11:30:22,42601.90,50,584100
20221118,11:30:23,42600.15,25,584100
20221118,11:30:25,42600.15,25,584100
20221118,11:30:26,42600.00,100,584100
20221118,11:30:28,42600.00,50,584100
20221118,11:30:31,42600.00,50,584100
20221118,11:30:34,42600.00,25,584100
20221118,11:30:35,42600.00,25,584100
20221118,11:30:38,42600.00,25,584100
20221118,11:30:41,42600.15,100,584100
20221118,11:30:45,42600.80,25,584100
20221118,11:30:47,42595.10,25,584100
20221118,11:30:59,42590.05,25,584100
20221118,11:31:00,42590.00,25,584100
20221118,11:31:02,42590.00,50,584100
20221118,11:31:03,42590.00,125,584100
20221118,11:31:05,42590.95,50,584100
20221118,11:31:06,42585.10,25,584100
20221118,11:31:08,42585.40,25,584100
20221118,11:31:09,42584.35,50,584100
20221118,11:31:11,42584.35,25,584100
20221118,11:31:14,42582.10,25,584100
20221118,11:31:17,42585.25,25,584100
20221118,11:31:20,42591.20,25,584100
20221118,11:31:36,42580.00,75,584100
20221118,11:31:38,42580.00,25,584100
20221118,11:31:39,42580.00,25,584100
20221118,11:31:41,42580.00,25,584100
20221118,11:31:43,42580.00,75,584100
20221118,11:31:48,42575.00,25,584100
20221118,11:31:49,42570.25,75,584100
20221118,11:31:51,42578.40,150,584100
20221118,11:32:00,42576.05,25,584100
20221118,11:32:04,42578.40,25,584100
20221118,11:32:05,42578.40,50,584100
20221118,11:32:12,42581.05,50,584100
20221118,11:32:13,42581.05,25,584100
20221118,11:32:19,42581.05,25,584100
20221118,11:32:21,42579.80,100,584100
20221118,11:32:32,42586.65,125,584100
20221118,11:32:47,42591.95,200,584100
20221118,11:32:53,42592.00,25,584100
20221118,11:32:57,42592.00,550,585975
20221118,11:33:33,42583.00,25,585975
20221118,11:34:06,42570.00,50,585975
20221118,11:34:11,42567.15,25,585975
20221118,11:34:18,42567.30,25,585975
20221118,11:34:22,42569.55,25,585975
20221118,11:34:30,42579.00,100,585975
20221118,11:34:34,42573.00,25,585975
20221118,11:34:37,42574.55,25,585975
20221118,11:34:42,42577.15,50,585975
20221118,11:34:50,42577.15,25,585975
20221118,11:34:53,42577.15,25,585975
20221118,11:34:58,42580.00,25,585975
20221118,11:35:11,42579.45,50,585975
20221118,11:35:12,42579.00,50,585975
20221118,11:35:15,42578.25,25,585975
20221118,11:35:20,42575.95,75,585975
20221118,11:35:29,42571.40,25,585975
20221118,11:35:33,42572.75,25,585975
20221118,11:35:35,42573.00,25,585975
20221118,11:35:57,42571.05,25,586100
20221118,11:35:59,42577.70,25,586100
20221118,11:36:02,42572.20,25,586100
20221118,11:36:05,42579.60,25,586100
20221118,11:36:06,42578.30,200,586100
20221118,11:36:23,42585.00,100,586100
20221118,11:36:38,42590.00,25,586100
20221118,11:36:41,42590.00,25,586100
20221118,11:36:42,42592.00,25,586100
20221118,11:36:47,42595.00,125,586100
20221118,11:36:54,42593.45,25,586100
20221118,11:37:00,42598.80,25,586100
20221118,11:37:02,42597.35,50,586100
20221118,11:37:06,42591.45,25,586100
20221118,11:37:11,42591.15,50,586100
20221118,11:37:14,42599.65,25,586100
20221118,11:37:29,42600.00,75,586100
20221118,11:37:32,42600.20,100,586100
20221118,11:37:39,42602.45,25,586100
20221118,11:37:40,42601.95,125,586100
20221118,11:37:46,42596.55,75,586100
20221118,11:37:48,42599.35,25,586100
20221118,11:37:50,42601.95,25,586100
20221118,11:37:51,42610.00,50,586100
20221118,11:37:54,42611.00,25,586100
20221118,11:38:02,42606.50,25,586100
20221118,11:38:05,42609.95,25,586100
20221118,11:38:10,42607.80,25,586100
20221118,11:38:13,42602.05,50,586100
20221118,11:38:16,42600.25,25,586100
20221118,11:38:19,42607.35,25,586100
20221118,11:38:29,42602.00,25,586100
20221118,11:38:35,42600.00,25,586100
20221118,11:38:51,42601.35,25,586100
20221118,11:38:52,42595.00,25,586100
20221118,11:38:56,42601.85,25,587050
20221118,11:38:58,42601.40,50,587050
20221118,11:39:00,42601.35,100,587050
20221118,11:39:04,42592.75,50,587050
20221118,11:39:06,42590.05,200,587050
20221118,11:39:07,42588.35,100,587050
20221118,11:39:11,42587.60,50,587050
20221118,11:39:14,42584.75,100,587050
20221118,11:39:15,42583.85,25,587050
20221118,11:39:20,42584.05,25,587050
20221118,11:39:21,42587.90,50,587050
20221118,11:39:23,42591.00,25,587050
20221118,11:39:25,42583.65,25,587050
20221118,11:39:29,42584.30,75,587050
20221118,11:39:32,42589.75,75,587050
20221118,11:39:38,42587.00,100,587050
20221118,11:39:46,42587.00,25,587050
20221118,11:39:49,42586.80,25,587050
20221118,11:39:50,42587.45,50,587050
20221118,11:39:51,42590.35,25,587050
20221118,11:39:53,42588.00,50,587050
20221118,11:39:59,42591.30,50,587050
20221118,11:40:01,42591.90,50,587050
20221118,11:40:05,42589.30,100,587050
20221118,11:40:10,42599.95,200,587050
20221118,11:40:16,42600.00,25,587050
20221118,11:40:18,42597.50,150,587050
20221118,11:40:19,42594.85,25,587050
20221118,11:40:21,42597.35,50,587050
20221118,11:40:29,42600.00,25,587050
20221118,11:40:34,42600.00,25,587050
20221118,11:40:42,42600.00,25,587050
20221118,11:40:49,42600.00,100,587050
20221118,11:41:03,42600.00,125,587050
20221118,11:41:16,42607.20,50,587050
20221118,11:41:18,42607.20,25,587050
20221118,11:41:24,42610.00,25,587050
20221118,11:41:26,42617.15,75,587050
20221118,11:41:27,42617.15,25,587050
20221118,11:41:29,42612.95,25,587050
20221118,11:41:31,42615.95,25,587050
20221118,11:41:32,42614.35,75,587050
20221118,11:41:34,42614.30,25,587050
20221118,11:41:39,42614.30,25,587050
20221118,11:41:43,42610.10,100,587050
20221118,11:41:45,42609.35,25,587050
20221118,11:41:51,42605.05,25,587050
20221118,11:41:52,42606.15,50,587050
20221118,11:41:54,42611.80,25,587050
20221118,11:41:58,42606.15,50,588100
20221118,11:42:07,42617.10,25,588100
20221118,11:42:14,42617.15,25,588100
20221118,11:42:17,42619.00,25,588100
20221118,11:42:23,42613.45,300,588100
20221118,11:42:35,42608.25,50,588100
20221118,11:42:39,42612.35,25,588100
20221118,11:42:40,42611.35,25,588100
20221118,11:42:42,42615.40,100,588100
20221118,11:42:52,42620.00,75,588100
20221118,11:42:54,42620.00,25,588100
20221118,11:42:55,42620.00,50,588100
20221118,11:42:56,42620.40,25,588100
20221118,11:42:57,42621.45,50,588100
20221118,11:43:00,42619.65,50,588100
20221118,11:43:10,42619.80,25,588100
20221118,11:43:14,42619.80,25,588100
20221118,11:43:15,42615.15,50,588100
20221118,11:43:21,42617.35,50,588100
20221118,11:43:29,42618.50,75,588100
20221118,11:43:32,42619.00,50,588100
20221118,11:43:36,42627.00,325,588100
20221118,11:43:39,42623.05,25,588100
20221118,11:43:40,42627.05,50,588100
20221118,11:43:42,42627.00,175,588100
20221118,11:43:45,42626.95,25,588100
20221118,11:43:47,42627.10,75,588100
20221118,11:43:49,42627.70,525,588100
20221118,11:43:50,42628.35,25,588100
20221118,11:43:52,42627.00,50,588100
20221118,11:43:53,42629.00,25,588100
20221118,11:43:55,42630.00,25,588100
20221118,11:43:58,42624.60,25,588100
20221118,11:43:59,42623.15,25,588100
20221118,11:44:04,42623.50,25,588100
20221118,11:44:05,42623.15,125,588100
20221118,11:44:09,42622.85,125,588100
20221118,11:44:10,42622.85,25,588100
20221118,11:44:12,42616.30,25,588100
20221118,11:44:13,42614.05,150,588100
20221118,11:44:15,42614.25,25,588100
20221118,11:44:20,42615.05,25,588100
20221118,11:44:21,42622.30,50,588100
20221118,11:44:23,42615.45,50,588100
20221118,11:44:28,42614.40,25,588100
20221118,11:44:31,42618.05,125,588100
20221118,11:44:32,42618.05,200,588100
20221118,11:44:38,42618.00,25,588100
20221118,11:44:45,42620.90,25,588100
20221118,11:44:48,42614.15,25,588100
20221118,11:45:03,42620.00,175,589775
20221118,11:45:05,42620.00,50,589775
20221118,11:45:06,42619.05,50,589775
20221118,11:45:15,42628.10,25,589775
20221118,11:45:21,42624.00,25,589775
20221118,11:45:31,42617.00,25,589775
20221118,11:45:36,42621.00,50,589775
20221118,11:45:44,42618.00,100,589775
20221118,11:45:48,42615.05,25,589775
20221118,11:45:49,42615.00,25,589775
20221118,11:45:51,42615.00,50,589775
20221118,11:45:52,42615.00,75,589775
20221118,11:46:02,42614.05,25,589775
20221118,11:46:04,42610.00,50,589775
20221118,11:46:19,42610.00,100,589775
20221118,11:46:27,42610.00,25,589775
20221118,11:46:32,42614.60,125,589775
20221118,11:46:38,42610.10,25,589775
20221118,11:46:41,42610.10,50,589775
20221118,11:46:44,42614.85,50,589775
20221118,11:46:51,42614.85,50,589775
20221118,11:46:55,42614.85,50,589775
20221118,11:47:16,42614.00,25,589775
20221118,11:47:22,42622.05,200,589775
20221118,11:47:27,42615.85,75,589775
20221118,11:47:30,42622.00,50,589775
20221118,11:47:42,42613.65,25,589775
20221118,11:47:47,42611.65,50,589775
20221118,11:47:51,42611.65,50,589775
20221118,11:47:53,42611.65,75,589775
20221118,11:47:54,42611.65,25,589775
20221118,11:47:56,42611.65,50,589775
20221118,11:48:00,42610.05,25,590425
20221118,11:48:05,42610.00,150,590425
20221118,11:48:11,42608.05,25,590425
20221118,11:48:18,42605.05,50,590425
20221118,11:48:23,42605.05,100,590425
20221118,11:48:24,42608.00,50,590425
20221118,11:48:26,42610.00,25,590425
20221118,11:48:43,42605.15,25,590425
20221118,11:48:53,42605.40,25,590425
20221118,11:48:56,42609.05,50,590425
20221118,11:48:59,42612.50,50,590425
20221118,11:49:04,42606.55,25,590425
20221118,11:49:15,42618.50,125,590425
20221118,11:49:18,42624.15,100,590425
20221118,11:49:20,42624.95,25,590425
20221118,11:49:22,42622.30,100,590425
20221118,11:49:25,42627.40,25,590425
20221118,11:49:30,42622.90,100,590425
20221118,11:49:33,42628.10,25,590425
20221118,11:49:38,42623.00,25,590425
20221118,11:49:40,42623.00,25,590425
20221118,11:49:45,42624.90,25,590425
20221118,11:49:46,42626.80,50,590425
20221118,11:49:49,42628.10,50,590425
20221118,11:49:52,42628.00,25,590425
20221118,11:49:53,42627.95,50,590425
20221118,11:49:55,42624.40,75,590425
20221118,11:49:56,42626.85,25,590425
20221118,11:49:58,42628.00,25,590425
20221118,11:50:01,42628.10,50,590425
20221118,11:50:02,42628.10,125,590425
20221118,11:50:05,42628.00,25,590425
20221118,11:50:08,42628.10,75,590425
20221118,11:50:12,42630.00,25,590425
20221118,11:50:17,42630.75,50,590425
20221118,11:50:20,42629.90,700,590425
20221118,11:50:21,42628.40,25,590425
20221118,11:50:23,42623.05,25,590425
20221118,11:50:29,42627.90,25,590425
20221118,11:50:32,42625.00,25,590425
20221118,11:50:39,42622.30,25,590425
20221118,11:51:42,42625.40,100,590425
20221118,11:51:45,42630.00,25,591225
20221118,11:51:46,42629.65,25,591225
20221118,11:52:02,42622.30,275,591225
20221118,11:52:03,42615.00,100,591225
20221118,11:52:11,42614.00,25,591225
20221118,11:52:17,42613.00,25,591225
20221118,11:52:21,42613.00,50,591225
20221118,11:52:25,42610.00,25,591225
20221118,11:52:27,42611.95,50,591225
20221118,11:52:29,42613.00,25,591225
20221118,11:52:32,42607.50,25,591225
20221118,11:52:37,42610.00,25,591225
20221118,11:52:41,42607.50,25,591225
20221118,11:52:48,42609.10,25,591225
20221118,11:52:51,42603.75,25,591225
20221118,11:53:02,42607.80,25,591225
20221118,11:53:40,42607.45,25,591225
20221118,11:53:49,42610.00,50,591225
20221118,11:54:04,42610.00,75,591575
20221118,11:54:09,42611.20,25,591575
20221118,11:54:25,42611.00,25,591575
20221118,11:55:03,42611.00,50,591575
20221118,11:55:16,42610.05,25,591575
20221118,11:55:18,42610.05,25,591575
20221118,11:55:28,42612.00,25,591575
20221118,11:55:30,42615.00,25,591575
20221118,11:55:38,42621.35,125,591575
20221118,11:55:41,42617.40,25,591575
20221118,11:55:44,42615.40,25,591575
20221118,11:55:53,42614.50,25,591575
20221118,11:56:08,42614.25,25,591575
20221118,11:56:11,42607.00,175,591575
20221118,11:56:12,42600.00,225,591575
20221118,11:56:14,42600.00,25,591575
20221118,11:56:17,42600.15,75,591575
20221118,11:56:23,42600.00,25,591575
20221118,11:56:26,42600.00,25,591575
20221118,11:56:29,42600.00,25,591575
20221118,11:56:31,42600.00,100,591575
20221118,11:56:32,42600.00,25,591575
20221118,11:56:35,42600.00,25,591575
20221118,11:56:37,42600.00,50,591575
20221118,11:56:42,42600.00,50,591575
20221118,11:56:46,42600.00,75,591575
20221118,11:56:49,42600.00,25,591575
20221118,11:56:51,42600.00,25,591575
20221118,11:56:53,42600.00,25,591575
20221118,11:56:54,42600.00,125,591575
20221118,11:56:56,42599.05,25,591575
20221118,11:57:00,42595.15,175,592350
20221118,11:57:02,42595.15,50,592350
20221118,11:57:03,42595.05,25,592350
20221118,11:57:07,42595.05,50,592350
20221118,11:57:10,42600.15,75,592350
20221118,11:57:14,42595.15,50,592350
20221118,11:57:30,42598.70,25,592350
20221118,11:57:55,42599.00,25,592350
20221118,11:58:03,42595.60,25,592350
20221118,11:58:10,42595.00,750,592350
20221118,11:58:11,42595.00,150,592350
20221118,11:58:13,42595.00,100,592350
20221118,11:58:15,42590.00,25,592350
20221118,11:58:18,42590.00,25,592350
20221118,11:58:36,42595.00,25,592350
20221118,11:58:49,42591.55,50,592350
20221118,11:59:02,42590.85,25,592350
20221118,11:59:09,42592.65,25,592350
20221118,11:59:16,42590.85,25,592350
20221118,11:59:21,42590.05,25,592350
20221118,11:59:23,42590.00,25,592350
20221118,11:59:24,42595.00,25,592350
20221118,11:59:27,42590.20,25,592350
20221118,11:59:36,42595.00,125,592350
20221118,11:59:41,42595.00,150,592350
20221118,11:59:49,42595.20,25,592350
20221118,11:59:55,42598.10,25,592350
20221118,12:00:12,42590.00,25,593575
20221118,12:00:16,42590.00,75,593575
20221118,12:00:19,42590.00,500,593575
20221118,12:00:20,42585.00,675,593575
20221118,12:00:22,42585.00,75,593575
20221118,12:00:24,42585.00,75,593575
20221118,12:00:25,42585.00,200,593575
20221118,12:00:27,42585.00,75,593575
20221118,12:00:32,42585.00,325,593575
20221118,12:00:36,42580.00,25,593575
20221118,12:00:44,42577.25,25,593575
20221118,12:00:53,42580.00,25,593575
20221118,12:00:56,42584.90,25,593575
20221118,12:01:01,42577.95,100,593575
20221118,12:01:02,42575.00,25,593575
20221118,12:01:04,42575.00,50,593575
20221118,12:01:07,42578.00,50,593575
20221118,12:01:08,42575.00,25,593575
20221118,12:01:13,42575.00,175,593575
20221118,12:01:30,42569.50,25,593575
20221118,12:01:37,42571.90,25,593575
20221118,12:01:40,42575.00,25,593575
20221118,12:01:43,42583.45,100,593575
20221118,12:01:45,42585.00,175,593575
20221118,12:01:48,42579.65,50,593575
20221118,12:01:50,42579.95,25,593575
20221118,12:01:55,42585.00,25,593575
20221118,12:01:59,42581.20,25,593575
20221118,12:02:05,42585.00,25,593575
20221118,12:02:07,42585.00,50,593575
20221118,12:02:12,42582.25,25,593575
20221118,12:02:20,42585.00,25,593575
20221118,12:02:21,42585.00,75,593575
20221118,12:02:37,42584.55,25,593575
20221118,12:02:58,42590.00,25,593575
20221118,12:03:04,42593.50,25,595800
20221118,12:03:07,42590.20,50,595800
20221118,12:03:14,42590.05,25,595800
20221118,12:03:15,42596.40,25,595800
20221118,12:03:20,42598.50,25,595800
20221118,12:03:24,42598.55,25,595800
20221118,12:03:29,42600.00,50,595800
20221118,12:03:38,42598.00,50,595800
20221118,12:03:48,42600.00,25,595800
20221118,12:03:54,42598.05,25,595800
20221118,12:03:55,42598.05,25,595800
20221118,12:03:57,42599.00,100,595800
20221118,12:04:05,42590.00,100,595800
20221118,12:04:16,42598.25,50,595800
20221118,12:04:21,42591.50,25,595800
20221118,12:04:24,42591.30,25,595800
20221118,12:04:31,42593.15,25,595800
20221118,12:04:33,42593.15,50,595800
20221118,12:04:35,42593.40,25,595800
20221118,12:04:36,42591.30,25,595800
20221118,12:04:38,42591.25,25,595800
20221118,12:04:54,42598.55,25,595800
20221118,12:04:59,42595.35,25,595800
20221118,12:05:00,42592.10,125,595800
20221118,12:05:04,42591.25,25,595800
20221118,12:05:07,42594.85,25,595800
20221118,12:05:21,42594.70,25,595800
20221118,12:05:29,42594.50,300,595800
20221118,12:05:35,42592.95,250,595800
20221118,12:05:43,42594.45,75,595800
20221118,12:05:54,42600.00,25,595800
20221118,12:05:55,42605.60,50,595800
20221118,12:05:57,42607.35,50,595800
20221118,12:05:59,42608.60,50,595800
20221118,12:06:00,42608.60,25,595800
20221118,12:06:08,42608.85,25,591125
20221118,12:06:11,42609.65,100,591125
20221118,12:06:19,42613.90,75,591125
20221118,12:06:22,42615.20,100,591125
20221118,12:06:36,42619.40,25,591125
20221118,12:06:38,42616.50,50,591125
20221118,12:06:45,42611.00,25,591125
20221118,12:06:50,42613.70,75,591125
20221118,12:06:52,42613.70,25,591125
20221118,12:06:56,42613.70,25,591125
20221118,12:07:04,42620.00,50,591125
20221118,12:07:12,42620.55,150,591125
20221118,12:07:14,42621.70,25,591125
20221118,12:07:18,42621.20,25,591125
20221118,12:07:20,42621.05,25,591125
20221118,12:07:26,42621.05,50,591125
20221118,12:07:32,42621.10,25,591125
20221118,12:07:33,42622.00,50,591125
20221118,12:07:35,42613.95,50,591125
20221118,12:07:36,42619.50,125,591125
20221118,12:07:43,42617.00,25,591125
20221118,12:08:07,42621.65,25,591125
20221118,12:08:20,42620.00,25,591125
20221118,12:08:22,42613.70,200,591125
20221118,12:08:26,42618.60,25,591125
20221118,12:08:33,42613.70,175,591125
20221118,12:08:35,42612.00,25,591125
20221118,12:08:44,42610.00,25,591125
20221118,12:09:00,42610.00,25,592275
20221118,12:09:06,42610.00,100,592275
20221118,12:09:23,42603.05,25,592275
20221118,12:09:37,42605.00,25,592275
20221118,12:09:53,42606.50,25,592275
20221118,12:10:15,42610.00,25,592275
20221118,12:10:23,42612.20,75,592275
20221118,12:10:34,42609.20,25,592275
20221118,12:10:36,42606.20,25,592275
20221118,12:10:38,42604.50,25,592275
20221118,12:10:40,42608.90,25,592275
20221118,12:10:42,42604.20,25,592275
20221118,12:10:43,42598.85,100,592275
20221118,12:10:45,42599.25,75,592275
20221118,12:10:47,42597.20,50,592275
20221118,12:10:48,42597.25,75,592275
20221118,12:10:50,42596.40,50,592275
20221118,12:10:51,42596.30,125,592275
20221118,12:10:53,42595.90,50,592275
20221118,12:10:56,42594.50,50,592275
20221118,12:11:00,42591.55,250,592275
20221118,12:11:01,42591.20,75,592275
20221118,12:11:03,42590.95,150,592275
20221118,12:11:05,42590.95,50,592275
20221118,12:11:14,42599.65,25,592275
20221118,12:11:41,42590.00,50,592275
20221118,12:11:48,42598.55,25,592275
20221118,12:11:50,42594.90,25,592275
20221118,12:11:56,42596.50,50,592275
20221118,12:12:16,42608.10,150,593100
20221118,12:12:31,42605.00,300,593100
20221118,12:12:33,42607.30,25,593100
20221118,12:12:43,42614.90,25,593100
20221118,12:13:30,42611.40,25,593100
20221118,12:13:43,42612.00,25,593100
20221118,12:13:55,42608.10,125,593100
20221118,12:14:03,42610.00,475,593100
20221118,12:14:04,42610.00,25,593100
20221118,12:14:21,42608.00,50,593100
20221118,12:14:24,42605.00,25,593100
20221118,12:14:28,42601.65,25,593100
20221118,12:14:30,42601.35,50,593100
20221118,12:14:44,42595.80,25,593100
20221118,12:15:13,42604.85,25,594025
20221118,12:16:12,42595.80,25,594025
20221118,12:16:52,42596.05,25,594025
20221118,12:16:55,42596.00,25,594025
20221118,12:16:56,42593.45,25,594025
20221118,12:17:10,42590.50,25,594025
20221118,12:17:33,42593.15,25,594025
20221118,12:17:44,42598.70,25,594025
20221118,12:18:05,42600.90,25,594100
20221118,12:18:10,42604.85,25,594100
20221118,12:18:14,42606.90,25,594100
20221118,12:18:16,42611.00,75,594100
20221118,12:18:18,42615.00,25,594100
20221118,12:18:31,42612.85,25,594100
20221118,12:18:36,42610.10,75,594100
20221118,12:18:54,42618.10,50,594100
20221118,12:18:56,42618.30,25,594100
20221118,12:19:02,42618.00,25,594100
20221118,12:19:05,42618.05,25,594100
20221118,12:19:11,42618.30,50,594100
20221118,12:19:14,42618.60,25,594100
20221118,12:19:20,42619.00,75,594100
20221118,12:19:22,42618.55,25,594100
20221118,12:19:24,42619.00,25,594100
20221118,12:19:25,42619.00,25,594100
20221118,12:19:28,42620.00,50,594100
20221118,12:19:33,42619.25,25,594100
20221118,12:19:38,42620.00,25,594100
20221118,12:19:45,42620.00,25,594100
20221118,12:19:56,42617.05,25,594100
20221118,12:19:58,42616.50,50,594100
20221118,12:20:00,42618.25,50,594100
20221118,12:20:02,42615.10,50,594100
20221118,12:20:07,42615.00,50,594100
20221118,12:20:08,42616.60,50,594100
20221118,12:20:20,42612.30,75,594100
20221118,12:20:29,42612.00,25,594100
20221118,12:20:30,42612.00,50,594100
20221118,12:20:36,42615.00,25,594100
20221118,12:20:38,42616.50,25,594100
20221118,12:20:41,42616.55,50,594100
20221118,12:20:42,42616.50,100,594100
20221118,12:20:45,42616.55,25,594100
20221118,12:20:47,42616.50,25,594100
20221118,12:20:48,42619.75,25,594100
20221118,12:21:06,42620.00,25,594825
20221118,12:21:07,42620.35,25,594825
20221118,12:21:22,42616.50,75,594825
20221118,12:21:29,42616.50,25,594825
20221118,12:21:30,42616.50,25,594825
20221118,12:21:33,42612.05,75,594825
20221118,12:21:52,42610.00,50,594825
20221118,12:21:55,42609.45,50,594825
20221118,12:22:00,42617.95,25,594825
20221118,12:22:17,42601.30,25,594825
20221118,12:22:18,42611.90,25,594825
20221118,12:22:27,42611.40,100,594825
20221118,12:22:39,42602.10,25,594825
20221118,12:22:54,42600.00,75,594825
20221118,12:23:02,42606.30,25,594825
20221118,12:23:07,42605.70,250,594825
20221118,12:23:14,42608.50,25,594825
20221118,12:23:46,42613.65,75,594825
20221118,12:24:06,42600.00,75,595350
20221118,12:24:34,42600.00,50,595350
20221118,12:24:37,42600.00,25,595350
20221118,12:24:41,42598.90,25,595350
20221118,12:24:53,42598.90,50,595350
20221118,12:24:55,42597.40,50,595350
20221118,12:24:56,42600.85,50,595350
20221118,12:25:27,42595.00,25,595350
20221118,12:25:30,42600.00,25,595350
20221118,12:25:32,42595.90,50,595350
20221118,12:25:40,42601.45,25,595350
20221118,12:25:59,42599.75,100,595350
20221118,12:26:09,42585.00,225,595350
20221118,12:26:11,42585.00,50,595350
20221118,12:26:13,42585.00,25,595350
20221118,12:26:14,42588.00,125,595350
20221118,12:26:19,42586.00,25,595350
20221118,12:26:32,42580.05,25,595350
20221118,12:26:38,42580.00,50,595350
20221118,12:26:43,42575.20,25,595350
20221118,12:26:49,42579.00,50,595350
20221118,12:26:53,42575.00,50,595350
20221118,12:27:02,42575.00,50,595350
20221118,12:27:16,42575.00,50,595900
20221118,12:27:17,42575.00,25,595900
20221118,12:27:22,42573.30,75,595900
20221118,12:27:30,42572.50,25,595900
20221118,12:27:32,42570.00,175,595900
20221118,12:27:33,42568.20,125,595900
20221118,12:27:35,42568.20,25,595900
20221118,12:27:36,42568.20,50,595900
20221118,12:27:38,42568.20,175,595900
20221118,12:27:40,42568.20,100,595900
20221118,12:27:41,42568.20,25,595900
20221118,12:27:46,42570.00,25,595900
20221118,12:27:57,42570.00,25,595900
20221118,12:28:14,42571.00,25,595900
20221118,12:28:16,42571.00,25,595900
20221118,12:28:22,42570.20,25,595900
20221118,12:28:26,42575.00,50,595900
20221118,12:28:28,42576.20,300,595900
20221118,12:28:36,42580.90,100,595900
20221118,12:28:43,42577.65,50,595900
20221118,12:28:44,42585.00,75,595900
20221118,12:28:47,42576.70,100,595900
20221118,12:28:52,42579.25,100,595900
20221118,12:29:03,42583.85,50,595900
20221118,12:29:05,42580.40,25,595900
20221118,12:29:07,42580.35,25,595900
20221118,12:29:13,42578.70,25,595900
20221118,12:29:16,42577.15,75,595900
20221118,12:29:19,42577.15,25,595900
20221118,12:29:37,42576.15,100,595900
20221118,12:29:38,42580.00,25,595900
20221118,12:29:46,42582.00,25,595900
20221118,12:30:01,42581.90,25,595900
20221118,12:30:06,42582.95,25,596700
20221118,12:30:20,42580.00,25,596700
20221118,12:30:27,42587.10,25,596700
20221118,12:30:35,42580.10,25,596700
20221118,12:30:48,42590.40,50,596700
20221118,12:30:52,42592.45,25,596700
20221118,12:30:57,42580.50,100,596700
