20221118,09:15:00,18396.00,1,11375600
20221118,09:15:00,18390.60,1,11375600
20221118,09:15:00,18416.80,1600,11375600
20221118,09:15:00,18409.20,500,11375600
20221118,09:15:02,18417.00,3750,11375600
20221118,09:15:02,18413.70,600,11375600
20221118,09:15:03,18402.80,5550,11375600
20221118,09:15:04,18409.45,2950,11375600
20221118,09:15:05,18412.85,3450,11375600
20221118,09:15:07,18402.85,5700,11375600
20221118,09:15:07,18407.00,900,11375600
20221118,09:15:08,18405.80,5000,11375600
20221118,09:15:09,18409.00,2300,11375600
20221118,09:15:11,18405.95,5500,11375600
20221118,09:15:11,18405.05,1050,11375600
20221118,09:15:12,18407.30,2250,11375600
20221118,09:15:13,18407.95,1750,11375600
20221118,09:15:15,18405.00,2800,11375600
20221118,09:15:15,18405.65,2300,11375600
20221118,09:15:16,18402.10,1350,11375600
20221118,09:15:18,18402.90,1650,11375600
20221118,09:15:19,18402.90,1550,11375600
20221118,09:15:19,18400.55,1100,11375600
20221118,09:15:21,18403.65,1250,11375600
20221118,09:15:22,18402.70,1400,11375600
20221118,09:15:22,18404.00,600,11375600
20221118,09:15:23,18405.00,3150,11375600
20221118,09:15:25,18405.85,4550,11375600
20221118,09:15:26,18403.15,2450,11375600
20221118,09:15:26,18403.60,1500,11375600
20221118,09:15:28,18406.70,2050,11375600
20221118,09:15:29,18402.70,950,11375600
20221118,09:15:29,18404.20,300,11375600
20221118,09:15:31,18403.65,1250,11375600
20221118,09:15:32,18402.00,2700,11375600
20221118,09:15:32,18403.30,750,11375600
20221118,09:15:33,18403.40,3050,11375600
20221118,09:15:35,18402.95,3450,11375600
20221118,09:15:36,18401.50,3350,11375600
20221118,09:15:36,18401.65,1950,11375600
20221118,09:15:38,18401.15,3850,11375600
20221118,09:15:39,18395.25,16650,11375600
20221118,09:15:39,18392.25,1750,11375600
20221118,09:15:41,18392.05,10950,11375600
20221118,09:15:42,18390.00,1150,11375600
20221118,09:15:42,18393.65,1000,11375600
20221118,09:15:43,18394.20,550,11375600
20221118,09:15:45,18392.25,500,11375600
20221118,09:15:46,18394.90,1150,11375600
20221118,09:15:46,18392.15,350,11375600
20221118,09:15:48,18391.05,2300,11375600
20221118,09:15:49,18390.55,1900,11375600
20221118,09:15:49,18393.90,300,11375600
20221118,09:15:50,18393.00,2100,11375600
20221118,09:15:52,18393.05,750,11375600
20221118,09:15:52,18390.05,600,11375600
20221118,09:15:53,18389.50,1650,11375600
20221118,09:15:55,18389.40,1100,11375600
20221118,09:15:56,18390.00,350,11375600
20221118,09:15:56,18391.55,350,11375600
20221118,09:15:58,18390.00,250,11375600
20221118,09:15:59,18388.40,2400,11375600
20221118,09:15:59,18388.45,800,11375600
20221118,09:16:01,18389.10,4200,11375600
20221118,09:16:02,18390.00,1050,11375600
20221118,09:16:02,18388.85,300,11375600
20221118,09:16:04,18386.00,4000,11375600
20221118,09:16:05,18382.50,700,11375600
20221118,09:16:05,18384.95,850,11375600
20221118,09:16:07,18383.10,1700,11375600
20221118,09:16:08,18380.90,3650,11375600
20221118,09:16:08,18381.00,200,11375600
20221118,09:16:10,18381.05,2350,11375600
20221118,09:16:11,18381.75,1550,11375600
20221118,09:16:11,18383.30,1200,11375600
20221118,09:16:12,18382.80,3700,11375600
20221118,09:16:14,18382.55,650,11375600
20221118,09:16:14,18385.00,100,11375600
20221118,09:16:15,18388.00,1850,11375600
20221118,09:16:17,18389.95,1000,11375600
20221118,09:16:18,18389.95,1150,11375600
20221118,09:16:18,18391.60,700,11375600
20221118,09:16:20,18393.70,3900,11375600
20221118,09:16:21,18394.30,3150,11375600
20221118,09:16:21,18394.65,50,11375600
20221118,09:16:23,18393.40,5750,11375600
20221118,09:16:24,18392.95,6850,11375600
20221118,09:16:24,18390.80,1900,11375600
20221118,09:16:26,18394.90,800,11375600
20221118,09:16:27,18394.95,750,11375600
20221118,09:16:27,18394.95,550,11375600
20221118,09:16:29,18392.75,9750,11375600
20221118,09:16:30,18394.00,200,11375600
20221118,09:16:30,18394.25,150,11375600
20221118,09:16:32,18394.55,2350,11375600
20221118,09:16:33,18394.90,250,11375600
20221118,09:16:33,18395.00,1450,11375600
20221118,09:16:35,18395.00,1650,11375600
20221118,09:16:36,18394.35,2100,11375600
20221118,09:16:36,18394.20,100,11375600
20221118,09:16:37,18394.20,650,11375600
20221118,09:16:39,18394.40,750,11375600
20221118,09:16:40,18393.55,150,11375600
20221118,09:16:42,18394.10,2500,11375600
20221118,09:16:42,18393.75,50,11375600
20221118,09:16:43,18394.35,400,11375600
20221118,09:16:45,18394.40,1200,11375600
20221118,09:16:46,18390.75,2050,11375600
20221118,09:16:46,18393.85,300,11375600
20221118,09:16:48,18392.05,200,11375600
20221118,09:16:49,18392.65,1300,11375600
20221118,09:16:49,18392.60,100,11375600
20221118,09:16:51,18392.55,800,11375600
20221118,09:16:52,18392.10,1100,11375600
20221118,09:16:52,18392.10,50,11375600
20221118,09:16:54,18392.50,200,11375600
20221118,09:16:55,18392.65,900,11375600
20221118,09:16:55,18392.65,100,11375600
20221118,09:16:56,18393.50,900,11375600
20221118,09:16:58,18392.80,3200,11375600
20221118,09:16:58,18393.50,100,11375600
20221118,09:16:59,18394.95,650,11375600
20221118,09:17:01,18393.55,800,11375600
20221118,09:17:02,18392.65,200,11375600
20221118,09:17:02,18394.65,300,11375600
20221118,09:17:04,18390.80,2050,11375600
20221118,09:17:05,18391.95,150,11375600
20221118,09:17:05,18392.60,350,11375600
20221118,09:17:07,18392.85,200,11375600
20221118,09:17:08,18393.10,1550,11375600
20221118,09:17:10,18392.45,100,11375600
20221118,09:17:11,18392.90,100,11375600
20221118,09:17:11,18392.90,50,11375600
20221118,09:17:13,18394.30,2100,11375600
20221118,09:17:14,18395.00,1050,11375600
20221118,09:17:14,18395.00,50,11375600
20221118,09:17:16,18393.65,150,11375600
20221118,09:17:17,18394.45,400,11375600
20221118,09:17:17,18394.50,50,11375600
20221118,09:17:19,18394.55,2650,11375600
20221118,09:17:20,18393.95,2000,11375600
20221118,09:17:20,18394.05,100,11375600
20221118,09:17:22,18394.15,250,11375600
20221118,09:17:23,18392.45,900,11375600
20221118,09:17:23,18391.55,900,11375600
20221118,09:17:25,18389.95,2350,11426550
20221118,09:17:26,18385.00,2650,11426550
20221118,09:17:26,18384.85,300,11426550
20221118,09:17:28,18383.35,950,11426550
20221118,09:17:29,18385.60,700,11426550
20221118,09:17:29,18384.85,50,11426550
20221118,09:17:31,18384.85,750,11426550
20221118,09:17:32,18384.45,300,11426550
20221118,09:17:34,18383.35,250,11426550
20221118,09:17:35,18381.05,1500,11426550
20221118,09:17:35,18383.00,150,11426550
20221118,09:17:37,18383.70,1150,11426550
20221118,09:17:38,18384.85,350,11426550
20221118,09:17:39,18384.25,500,11426550
20221118,09:17:40,18386.00,400,11426550
20221118,09:17:41,18384.20,350,11426550
20221118,09:17:42,18384.45,350,11426550
20221118,09:17:43,18385.65,500,11426550
20221118,09:17:44,18384.20,200,11426550
20221118,09:17:45,18386.55,1100,11426550
20221118,09:17:45,18385.85,100,11426550
20221118,09:17:47,18386.55,1350,11426550
20221118,09:17:48,18385.05,250,11426550
20221118,09:17:48,18387.75,100,11426550
20221118,09:17:50,18388.35,1000,11426550
20221118,09:17:51,18386.90,200,11426550
20221118,09:17:51,18386.40,600,11426550
20221118,09:17:53,18385.05,700,11426550
20221118,09:17:54,18387.10,450,11426550
20221118,09:17:54,18387.65,200,11426550
20221118,09:17:56,18387.50,200,11426550
20221118,09:17:57,18387.00,550,11426550
20221118,09:17:57,18387.70,250,11426550
20221118,09:17:59,18387.70,150,11426550
20221118,09:18:00,18387.70,1700,11426550
20221118,09:18:00,18388.95,250,11426550
20221118,09:18:01,18386.40,300,11426550
20221118,09:18:03,18385.90,2500,11426550
20221118,09:18:04,18388.10,50,11426550
20221118,09:18:05,18386.75,350,11426550
20221118,09:18:06,18385.05,350,11426550
20221118,09:18:07,18385.05,600,11426550
20221118,09:18:08,18387.75,250,11426550
20221118,09:18:09,18388.55,200,11426550
20221118,09:18:09,18388.60,100,11426550
20221118,09:18:11,18385.55,750,11426550
20221118,09:18:12,18386.15,100,11426550
20221118,09:18:13,18387.75,900,11426550
20221118,09:18:14,18390.05,850,11426550
20221118,09:18:15,18389.90,300,11426550
20221118,09:18:17,18392.20,800,11426550
20221118,09:18:18,18391.10,200,11426550
20221118,09:18:19,18391.45,450,11426550
20221118,09:18:20,18391.65,200,11426550
20221118,09:18:20,18393.25,200,11426550
20221118,09:18:22,18392.30,2450,11426550
20221118,09:18:23,18391.55,350,11426550
20221118,09:18:24,18392.20,1200,11426550
20221118,09:18:25,18391.40,300,11426550
20221118,09:18:26,18390.45,300,11426550
20221118,09:18:28,18391.05,1450,11426550
20221118,09:18:29,18393.00,450,11426550
20221118,09:18:30,18391.45,650,11426550
20221118,09:18:31,18390.00,500,11426550
20221118,09:18:31,18389.65,100,11426550
20221118,09:18:33,18389.35,2050,11426550
20221118,09:18:34,18387.70,700,11426550
20221118,09:18:35,18389.00,350,11426550
20221118,09:18:36,18388.05,550,11426550
20221118,09:18:36,18387.65,50,11426550
20221118,09:18:38,18386.85,500,11426550
20221118,09:18:39,18387.10,800,11426550
20221118,09:18:40,18386.50,2600,11426550
20221118,09:18:41,18385.85,450,11426550
20221118,09:18:42,18386.00,1100,11426550
20221118,09:18:44,18383.30,1000,11426550
20221118,09:18:45,18385.95,1200,11426550
20221118,09:18:46,18387.00,250,11426550
20221118,09:18:47,18386.40,300,11426550
20221118,09:18:47,18388.80,400,11426550
20221118,09:18:49,18389.00,300,11426550
20221118,09:18:50,18386.35,150,11426550
20221118,09:18:51,18386.05,600,11426550
20221118,09:18:52,18388.15,300,11426550
20221118,09:18:54,18387.55,300,11426550
20221118,09:18:55,18389.25,350,11426550
20221118,09:18:56,18390.00,550,11426550
20221118,09:18:57,18390.40,650,11426550
20221118,09:18:57,18389.15,100,11426550
20221118,09:18:59,18389.80,100,11426550
20221118,09:19:00,18386.00,1600,11426550
20221118,09:19:01,18383.35,2500,11426550
20221118,09:19:02,18384.80,50,11426550
20221118,09:19:03,18384.95,1500,11426550
20221118,09:19:04,18384.30,3900,11426550
20221118,09:19:05,18384.35,100,11426550
20221118,09:19:06,18386.15,700,11426550
20221118,09:19:07,18385.25,250,11426550
20221118,09:19:07,18384.90,50,11426550
20221118,09:19:09,18384.30,150,11426550
20221118,09:19:10,18384.00,200,11426550
20221118,09:19:11,18382.90,100,11426550
20221118,09:19:12,18383.80,1650,11426550
20221118,09:19:13,18381.75,100,11426550
20221118,09:19:14,18380.95,1850,11426550
20221118,09:19:15,18384.40,50,11426550
20221118,09:19:16,18384.95,1300,11426550
20221118,09:19:17,18386.35,100,11426550
20221118,09:19:18,18387.10,1550,11426550
20221118,09:19:19,18383.90,350,11426550
20221118,09:19:20,18383.55,150,11426550
20221118,09:19:22,18382.95,3300,11426550
20221118,09:19:24,18387.00,100,11426550
20221118,09:19:25,18385.00,550,11426550
20221118,09:19:26,18385.00,250,11426550
20221118,09:19:28,18382.95,200,11426550
20221118,09:19:29,18383.65,1050,11426550
20221118,09:19:30,18381.05,300,11426550
20221118,09:19:31,18380.00,2000,11426550
20221118,09:19:32,18381.95,350,11426550
20221118,09:19:33,18380.10,350,11426550
20221118,09:19:34,18380.00,300,11426550
20221118,09:19:35,18381.95,150,11426550
20221118,09:19:36,18382.00,50,11426550
20221118,09:19:38,18382.00,850,11426550
20221118,09:19:39,18381.20,1200,11426550
20221118,09:19:40,18378.00,2300,11426550
20221118,09:19:41,18375.50,1700,11426550
20221118,09:19:42,18376.00,550,11426550
20221118,09:19:44,18375.50,800,11426550
20221118,09:19:45,18375.50,300,11426550
20221118,09:19:46,18376.00,150,11426550
20221118,09:19:47,18379.60,1800,11426550
20221118,09:19:48,18376.70,150,11426550
20221118,09:19:49,18377.05,250,11426550
20221118,09:19:50,18379.85,400,11426550
20221118,09:19:51,18380.00,450,11426550
20221118,09:19:52,18380.95,1350,11426550
20221118,09:19:53,18381.15,300,11426550
20221118,09:19:54,18380.65,200,11426550
20221118,09:19:55,18377.05,650,11426550
20221118,09:19:56,18378.30,650,11426550
20221118,09:19:57,18375.85,450,11426550
20221118,09:19:58,18378.80,550,11426550
20221118,09:19:59,18379.00,1350,11426550
20221118,09:20:00,18377.00,2550,11426550
20221118,09:20:01,18380.00,4200,11426550
20221118,09:20:02,18380.90,750,11426550
20221118,09:20:04,18383.10,5450,11426550
20221118,09:20:05,18384.60,1600,11426550
20221118,09:20:06,18386.60,950,11426550
20221118,09:20:07,18386.20,1250,11426550
20221118,09:20:08,18381.00,4450,11426550
20221118,09:20:09,18383.60,650,11426550
20221118,09:20:10,18383.20,1500,11426550
20221118,09:20:11,18378.05,2900,11426550
20221118,09:20:12,18379.95,500,11426550
20221118,09:20:13,18378.85,750,11426550
20221118,09:20:14,18378.30,2250,11426550
20221118,09:20:15,18378.65,50,11426550
20221118,09:20:16,18377.30,100,11426550
20221118,09:20:17,18378.75,1650,11426550
20221118,09:20:18,18377.30,300,11426550
20221118,09:20:19,18377.30,150,11426550
20221118,09:20:22,18378.00,150,11426550
20221118,09:20:23,18377.75,450,11426550
20221118,09:20:24,18377.55,200,11460850
20221118,09:20:25,18377.20,50,11460850
20221118,09:20:26,18380.00,2350,11460850
20221118,09:20:27,18381.00,2300,11460850
20221118,09:20:28,18378.00,1500,11460850
20221118,09:20:29,18380.30,150,11460850
20221118,09:20:30,18378.00,1300,11460850
20221118,09:20:31,18379.00,800,11460850
20221118,09:20:32,18379.05,100,11460850
20221118,09:20:33,18379.10,150,11460850
20221118,09:20:35,18377.00,1850,11460850
20221118,09:20:36,18378.85,800,11460850
20221118,09:20:37,18379.50,400,11460850
20221118,09:20:38,18377.55,50,11460850
20221118,09:20:39,18378.85,1050,11460850
20221118,09:20:40,18377.00,50,11460850
20221118,09:20:41,18377.75,450,11460850
20221118,09:20:42,18378.90,50,11460850
20221118,09:20:43,18376.10,300,11460850
20221118,09:20:44,18379.55,350,11460850
20221118,09:20:45,18379.55,50,11460850
20221118,09:20:46,18380.10,1400,11460850
20221118,09:20:47,18381.55,600,11460850
20221118,09:20:48,18380.25,250,11460850
20221118,09:20:49,18378.20,500,11460850
20221118,09:20:50,18381.60,100,11460850
20221118,09:20:51,18381.55,250,11460850
20221118,09:20:52,18381.70,1250,11460850
20221118,09:20:53,18382.25,50,11460850
20221118,09:20:54,18380.80,100,11460850
20221118,09:20:55,18380.30,1250,11460850
20221118,09:20:56,18379.35,1000,11460850
20221118,09:20:57,18378.00,150,11460850
20221118,09:20:58,18379.85,750,11460850
20221118,09:20:59,18378.25,250,11460850
20221118,09:21:00,18380.30,2150,11460850
20221118,09:21:01,18380.30,350,11460850
20221118,09:21:02,18378.00,300,11460850
20221118,09:21:03,18378.40,1150,11460850
20221118,09:21:04,18378.80,400,11460850
20221118,09:21:05,18376.00,1350,11460850
20221118,09:21:06,18377.00,100,11460850
20221118,09:21:07,18376.00,2500,11460850
20221118,09:21:08,18376.85,3600,11460850
20221118,09:21:09,18378.80,50,11460850
20221118,09:21:10,18380.00,2200,11460850
20221118,09:21:11,18380.00,50,11460850
20221118,09:21:12,18380.00,2200,11460850
20221118,09:21:13,18376.30,600,11460850
20221118,09:21:14,18376.80,2100,11460850
20221118,09:21:15,18378.90,450,11460850
20221118,09:21:16,18379.25,750,11460850
20221118,09:21:17,18376.05,2050,11460850
20221118,09:21:18,18378.75,1050,11460850
20221118,09:21:19,18376.00,1200,11460850
20221118,09:21:20,18375.00,3300,11460850
20221118,09:21:21,18375.95,50,11460850
20221118,09:21:22,18374.30,1850,11460850
20221118,09:21:23,18372.10,1500,11460850
20221118,09:21:24,18372.10,300,11460850
20221118,09:21:25,18371.40,1850,11460850
20221118,09:21:26,18371.40,1550,11460850
20221118,09:21:27,18372.15,300,11460850
20221118,09:21:28,18371.40,300,11460850
20221118,09:21:29,18371.15,500,11460850
20221118,09:21:30,18373.70,350,11460850
20221118,09:21:31,18371.15,50,11460850
20221118,09:21:32,18372.00,100,11460850
20221118,09:21:33,18374.25,300,11460850
20221118,09:21:34,18374.70,150,11460850
20221118,09:21:35,18374.05,500,11460850
20221118,09:21:36,18374.75,800,11460850
20221118,09:21:37,18375.00,150,11460850
20221118,09:21:38,18374.45,300,11460850
20221118,09:21:39,18375.00,150,11460850
20221118,09:21:40,18375.00,100,11460850
20221118,09:21:41,18374.45,100,11460850
20221118,09:21:42,18372.00,200,11460850
20221118,09:21:43,18371.00,2250,11460850
20221118,09:21:46,18371.00,250,11460850
20221118,09:21:47,18370.50,100,11460850
20221118,09:21:48,18370.10,200,11460850
20221118,09:21:50,18370.00,250,11460850
20221118,09:21:51,18370.00,750,11460850
20221118,09:21:53,18371.40,1850,11460850
20221118,09:21:54,18371.95,3550,11460850
20221118,09:21:55,18370.00,1550,11460850
20221118,09:21:56,18372.00,300,11460850
20221118,09:21:57,18370.05,350,11460850
20221118,09:21:58,18369.10,1900,11460850
20221118,09:21:59,18370.05,100,11460850
20221118,09:22:00,18369.00,1700,11460850
20221118,09:22:01,18370.00,350,11460850
20221118,09:22:02,18372.20,600,11460850
20221118,09:22:03,18370.00,1550,11460850
20221118,09:22:04,18372.70,50,11460850
20221118,09:22:05,18370.00,800,11460850
20221118,09:22:06,18369.80,200,11460850
20221118,09:22:07,18372.00,150,11460850
20221118,09:22:08,18372.00,150,11460850
20221118,09:22:09,18371.80,750,11460850
20221118,09:22:10,18372.00,300,11460850
20221118,09:22:11,18372.25,50,11460850
20221118,09:22:12,18371.80,1450,11460850
20221118,09:22:13,18374.05,150,11460850
20221118,09:22:15,18371.00,1300,11460850
20221118,09:22:16,18370.75,200,11460850
20221118,09:22:17,18372.85,850,11460850
20221118,09:22:18,18370.55,1400,11460850
20221118,09:22:19,18369.80,150,11460850
20221118,09:22:20,18369.00,550,11460850
20221118,09:22:21,18372.00,250,11460850
20221118,09:22:22,18373.05,50,11460850
20221118,09:22:23,18372.25,50,11460850
20221118,09:22:24,18371.65,1750,11460850
20221118,09:22:25,18369.00,200,11460850
20221118,09:22:26,18368.85,650,11460850
20221118,09:22:27,18368.40,1000,11460850
20221118,09:22:28,18368.40,200,11460850
20221118,09:22:29,18367.80,2800,11460850
20221118,09:22:30,18370.75,100,11460850
20221118,09:22:31,18367.15,550,11460850
20221118,09:22:32,18369.00,150,11460850
20221118,09:22:33,18367.15,100,11460850
20221118,09:22:34,18369.85,200,11460850
20221118,09:22:36,18369.40,350,11460850
20221118,09:22:37,18369.00,50,11460850
20221118,09:22:38,18367.15,100,11460850
20221118,09:22:39,18369.80,450,11460850
20221118,09:22:40,18368.95,250,11460850
20221118,09:22:41,18369.05,50,11460850
20221118,09:22:42,18367.70,600,11460850
20221118,09:22:43,18367.65,150,11460850
20221118,09:22:44,18368.80,200,11460850
20221118,09:22:45,18367.10,750,11460850
20221118,09:22:46,18369.05,450,11460850
20221118,09:22:47,18366.30,1550,11460850
20221118,09:22:48,18368.85,200,11460850
20221118,09:22:49,18369.65,50,11460850
20221118,09:22:50,18368.85,50,11460850
20221118,09:22:51,18368.85,100,11460850
20221118,09:22:53,18369.65,100,11460850
20221118,09:22:55,18372.00,400,11460850
20221118,09:22:56,18371.00,150,11460850
20221118,09:22:57,18373.10,150,11460850
20221118,09:22:58,18372.50,150,11460850
20221118,09:22:59,18374.00,150,11460850
20221118,09:23:00,18374.95,150,11460850
20221118,09:23:01,18371.35,350,11460850
20221118,09:23:02,18372.60,250,11460850
20221118,09:23:03,18372.60,150,11460850
20221118,09:23:04,18370.35,400,11460850
20221118,09:23:05,18372.00,150,11460850
20221118,09:23:06,18371.50,100,11460850
20221118,09:23:07,18371.80,500,11460850
20221118,09:23:09,18372.10,200,11460850
20221118,09:23:10,18373.10,400,11460850
20221118,09:23:12,18370.00,300,11460850
20221118,09:23:13,18371.75,350,11460850
20221118,09:23:15,18371.05,450,11460850
20221118,09:23:16,18370.00,200,11460850
20221118,09:23:17,18370.80,100,11460850
20221118,09:23:19,18370.20,450,11460850
20221118,09:23:21,18372.00,200,11460850
20221118,09:23:23,18372.60,150,11460850
20221118,09:23:24,18371.10,200,11460850
20221118,09:23:25,18372.00,100,11460850
20221118,09:23:26,18373.00,250,11476450
20221118,09:23:27,18373.40,100,11476450
20221118,09:23:28,18373.35,100,11476450
20221118,09:23:29,18372.00,250,11476450
20221118,09:23:30,18373.35,150,11476450
20221118,09:23:31,18373.30,50,11476450
20221118,09:23:32,18373.35,50,11476450
20221118,09:23:33,18374.00,200,11476450
20221118,09:23:35,18373.50,150,11476450
20221118,09:23:36,18373.50,50,11476450
20221118,09:23:37,18372.55,2350,11476450
20221118,09:23:39,18374.45,300,11476450
20221118,09:23:40,18372.60,50,11476450
20221118,09:23:41,18374.95,100,11476450
20221118,09:23:42,18374.95,200,11476450
20221118,09:23:43,18374.85,1150,11476450
20221118,09:23:44,18373.50,650,11476450
20221118,09:23:45,18373.50,350,11476450
20221118,09:23:46,18373.50,300,11476450
20221118,09:23:47,18372.95,100,11476450
20221118,09:23:48,18372.95,800,11476450
20221118,09:23:49,18372.95,100,11476450
20221118,09:23:50,18372.55,250,11476450
20221118,09:23:52,18374.85,50,11476450
20221118,09:23:53,18374.40,200,11476450
20221118,09:23:55,18375.00,50,11476450
20221118,09:23:55,18375.00,100,11476450
20221118,09:23:56,18376.45,150,11476450
20221118,09:23:57,18375.00,200,11476450
20221118,09:23:58,18376.00,2100,11476450
20221118,09:23:59,18376.20,100,11476450
20221118,09:24:00,18377.00,400,11476450
20221118,09:24:01,18375.20,100,11476450
20221118,09:24:02,18375.15,150,11476450
20221118,09:24:03,18375.00,550,11476450
20221118,09:24:04,18375.95,150,11476450
20221118,09:24:05,18377.70,100,11476450
20221118,09:24:06,18375.85,250,11476450
20221118,09:24:07,18376.40,100,11476450
20221118,09:24:08,18376.60,300,11476450
20221118,09:24:09,18377.70,150,11476450
20221118,09:24:10,18379.05,200,11476450
20221118,09:24:11,18376.65,300,11476450
20221118,09:24:12,18379.70,400,11476450
20221118,09:24:13,18379.95,3050,11476450
20221118,09:24:14,18380.00,750,11476450
20221118,09:24:15,18381.00,1100,11476450
20221118,09:24:16,18379.70,250,11476450
20221118,09:24:17,18380.00,550,11476450
20221118,09:24:18,18380.70,150,11476450
20221118,09:24:19,18380.00,50,11476450
20221118,09:24:20,18380.00,150,11476450
20221118,09:24:21,18379.85,250,11476450
20221118,09:24:22,18379.75,250,11476450
20221118,09:24:23,18379.00,550,11476450
20221118,09:24:24,18379.40,50,11476450
20221118,09:24:25,18378.95,500,11476450
20221118,09:24:26,18376.40,500,11476450
20221118,09:24:27,18376.00,200,11476450
20221118,09:24:28,18376.20,250,11476450
20221118,09:24:29,18376.20,1250,11476450
20221118,09:24:31,18377.15,600,11476450
20221118,09:24:32,18377.45,650,11476450
20221118,09:24:34,18376.00,150,11476450
20221118,09:24:35,18376.00,750,11476450
20221118,09:24:36,18378.10,500,11476450
20221118,09:24:41,18377.45,600,11476450
20221118,09:24:42,18378.00,850,11476450
20221118,09:24:43,18377.10,700,11476450
20221118,09:24:44,18377.75,100,11476450
20221118,09:24:45,18376.20,150,11476450
20221118,09:24:46,18378.10,50,11476450
20221118,09:24:47,18376.10,150,11476450
20221118,09:24:48,18376.10,200,11476450
20221118,09:24:49,18378.00,650,11476450
20221118,09:24:50,18377.75,300,11476450
20221118,09:24:51,18377.30,100,11476450
20221118,09:24:52,18376.45,250,11476450
20221118,09:24:53,18376.30,50,11476450
20221118,09:24:54,18377.15,50,11476450
20221118,09:24:55,18377.00,100,11476450
20221118,09:24:56,18376.50,50,11476450
20221118,09:24:57,18376.00,500,11476450
20221118,09:24:58,18375.00,500,11476450
20221118,09:24:59,18375.00,500,11476450
20221118,09:25:00,18375.00,900,11476450
20221118,09:25:01,18375.15,50,11476450
20221118,09:25:02,18374.00,200,11476450
20221118,09:25:03,18374.05,600,11476450
20221118,09:25:04,18372.55,650,11476450
20221118,09:25:05,18373.75,600,11476450
20221118,09:25:06,18372.55,100,11476450
20221118,09:25:08,18372.55,50,11476450
20221118,09:25:09,18372.55,450,11476450
20221118,09:25:10,18372.55,250,11476450
20221118,09:25:11,18371.05,50,11476450
20221118,09:25:12,18371.05,150,11476450
20221118,09:25:13,18371.05,50,11476450
20221118,09:25:14,18372.55,500,11476450
20221118,09:25:15,18371.05,100,11476450
20221118,09:25:16,18371.00,150,11476450
20221118,09:25:17,18370.20,1050,11476450
20221118,09:25:18,18370.15,400,11476450
20221118,09:25:20,18371.00,700,11476450
20221118,09:25:21,18371.05,50,11476450
20221118,09:25:23,18371.05,150,11476450
20221118,09:25:24,18371.05,50,11476450
20221118,09:25:25,18372.05,150,11476450
20221118,09:25:26,18370.05,150,11476450
20221118,09:25:27,18371.85,200,11476450
20221118,09:25:28,18370.00,900,11476450
20221118,09:25:29,18370.20,200,11476450
20221118,09:25:30,18369.65,400,11476450
20221118,09:25:31,18369.10,200,11476450
20221118,09:25:32,18369.00,400,11476450
20221118,09:25:33,18368.95,100,11476450
20221118,09:25:34,18368.05,50,11476450
20221118,09:25:35,18368.00,200,11476450
20221118,09:25:36,18368.55,100,11476450
20221118,09:25:38,18368.70,150,11476450
20221118,09:25:39,18367.00,250,11476450
20221118,09:25:40,18365.70,250,11476450
20221118,09:25:41,18367.35,200,11476450
20221118,09:25:41,18367.90,2000,11476450
20221118,09:25:42,18367.00,5750,11476450
20221118,09:25:43,18365.70,200,11476450
20221118,09:25:45,18367.00,50,11476450
20221118,09:25:46,18367.00,200,11476450
20221118,09:25:47,18365.05,400,11476450
20221118,09:25:48,18365.05,250,11476450
20221118,09:25:49,18367.00,50,11476450
20221118,09:25:50,18365.10,50,11476450
20221118,09:25:51,18365.05,150,11476450
20221118,09:25:52,18365.00,1100,11476450
20221118,09:25:53,18367.00,50,11476450
20221118,09:25:54,18366.00,100,11476450
20221118,09:25:55,18367.00,150,11476450
20221118,09:25:56,18367.00,300,11476450
20221118,09:25:57,18366.00,150,11476450
20221118,09:25:58,18366.05,50,11476450
20221118,09:26:00,18368.00,250,11476450
20221118,09:26:01,18370.00,450,11476450
20221118,09:26:02,18367.80,100,11476450
20221118,09:26:03,18369.05,1400,11476450
20221118,09:26:04,18368.85,200,11476450
20221118,09:26:05,18367.00,200,11476450
20221118,09:26:06,18367.80,50,11476450
20221118,09:26:07,18368.00,50,11476450
20221118,09:26:08,18369.00,150,11476450
20221118,09:26:09,18368.10,100,11476450
20221118,09:26:10,18368.80,250,11476450
20221118,09:26:11,18369.30,100,11476450
20221118,09:26:12,18372.00,400,11476450
20221118,09:26:13,18372.00,50,11476450
20221118,09:26:14,18372.95,50,11476450
20221118,09:26:15,18372.00,150,11476450
20221118,09:26:17,18371.25,100,11476450
20221118,09:26:18,18369.90,200,11476450
20221118,09:26:19,18371.70,150,11476450
20221118,09:26:20,18371.50,50,11476450
20221118,09:26:21,18370.25,2950,11476450
20221118,09:26:22,18370.90,100,11476450
20221118,09:26:23,18369.35,100,11476450
20221118,09:26:24,18368.75,1300,11476450
20221118,09:26:26,18368.90,100,11495900
20221118,09:26:27,18368.00,250,11495900
20221118,09:26:28,18368.95,800,11495900
20221118,09:26:29,18368.95,50,11495900
20221118,09:26:30,18368.95,1100,11495900
20221118,09:26:31,18370.25,100,11495900
20221118,09:26:35,18370.25,1000,11495900
20221118,09:26:36,18370.25,200,11495900
20221118,09:26:37,18370.90,1300,11495900
20221118,09:26:38,18368.95,450,11495900
20221118,09:26:39,18371.45,1400,11495900
20221118,09:26:42,18370.00,50,11495900
20221118,09:26:43,18369.25,150,11495900
20221118,09:26:44,18368.95,250,11495900
20221118,09:26:45,18369.40,1650,11495900
20221118,09:26:46,18369.40,150,11495900
20221118,09:26:47,18370.00,100,11495900
20221118,09:26:48,18368.00,100,11495900
20221118,09:26:49,18368.00,150,11495900
20221118,09:26:50,18368.00,100,11495900
20221118,09:26:51,18367.00,150,11495900
20221118,09:26:52,18367.00,50,11495900
20221118,09:26:53,18368.00,500,11495900
20221118,09:26:54,18368.00,300,11495900
20221118,09:26:56,18366.00,250,11495900
20221118,09:26:57,18365.70,1300,11495900
20221118,09:26:58,18363.25,2100,11495900
20221118,09:26:59,18363.00,300,11495900
20221118,09:27:00,18363.00,200,11495900
20221118,09:27:02,18362.90,250,11495900
20221118,09:27:03,18362.90,200,11495900
20221118,09:27:04,18364.75,100,11495900
20221118,09:27:06,18363.65,200,11495900
20221118,09:27:07,18364.75,200,11495900
20221118,09:27:08,18365.00,200,11495900
20221118,09:27:09,18364.00,200,11495900
20221118,09:27:10,18363.30,200,11495900
20221118,09:27:11,18363.30,250,11495900
20221118,09:27:12,18364.20,300,11495900
20221118,09:27:13,18362.65,300,11495900
20221118,09:27:14,18362.65,100,11495900
20221118,09:27:15,18364.00,50,11495900
20221118,09:27:16,18362.30,100,11495900
20221118,09:27:17,18362.30,300,11495900
20221118,09:27:19,18363.40,50,11495900
20221118,09:27:20,18362.30,250,11495900
20221118,09:27:21,18362.30,150,11495900
20221118,09:27:22,18363.00,50,11495900
20221118,09:27:24,18362.75,400,11495900
20221118,09:27:25,18362.30,150,11495900
20221118,09:27:26,18364.00,150,11495900
20221118,09:27:27,18362.30,100,11495900
20221118,09:27:28,18362.30,100,11495900
20221118,09:27:29,18362.00,1200,11495900
20221118,09:27:30,18362.50,150,11495900
20221118,09:27:31,18363.05,2000,11495900
20221118,09:27:33,18364.45,100,11495900
20221118,09:27:34,18363.00,500,11495900
20221118,09:27:35,18362.75,1050,11495900
20221118,09:27:36,18364.75,250,11495900
20221118,09:27:38,18362.50,350,11495900
20221118,09:27:39,18364.50,150,11495900
20221118,09:27:40,18362.10,50,11495900
20221118,09:27:41,18363.00,100,11495900
20221118,09:27:42,18365.35,3700,11495900
20221118,09:27:43,18362.25,50,11495900
20221118,09:27:44,18362.10,150,11495900
20221118,09:27:45,18365.15,150,11495900
20221118,09:27:46,18363.00,300,11495900
20221118,09:27:47,18363.00,200,11495900
20221118,09:27:47,18365.15,50,11495900
20221118,09:27:48,18363.00,50,11495900
20221118,09:27:49,18363.00,50,11495900
20221118,09:27:52,18363.05,1400,11495900
20221118,09:27:53,18363.50,50,11495900
20221118,09:27:53,18364.00,400,11495900
20221118,09:27:54,18363.05,100,11495900
20221118,09:27:55,18363.10,50,11495900
20221118,09:27:57,18364.00,100,11495900
20221118,09:27:59,18363.30,150,11495900
20221118,09:27:59,18364.60,150,11495900
20221118,09:28:00,18364.75,300,11495900
20221118,09:28:01,18364.65,50,11495900
20221118,09:28:02,18363.30,150,11495900
20221118,09:28:04,18363.00,600,11495900
20221118,09:28:05,18362.40,200,11495900
20221118,09:28:06,18361.50,450,11495900
20221118,09:28:06,18361.50,50,11495900
20221118,09:28:07,18361.05,550,11495900
20221118,09:28:08,18361.00,550,11495900
20221118,09:28:09,18361.00,350,11495900
20221118,09:28:11,18362.00,50,11495900
20221118,09:28:12,18362.40,100,11495900
20221118,09:28:13,18362.80,250,11495900
20221118,09:28:13,18363.65,650,11495900
20221118,09:28:14,18361.25,50,11495900
20221118,09:28:15,18364.40,350,11495900
20221118,09:28:16,18361.55,350,11495900
20221118,09:28:18,18360.95,150,11495900
20221118,09:28:19,18362.00,50,11495900
20221118,09:28:20,18360.20,950,11495900
20221118,09:28:21,18360.40,100,11495900
20221118,09:28:24,18360.20,450,11495900
20221118,09:28:25,18360.20,250,11495900
20221118,09:28:26,18360.00,1650,11495900
20221118,09:28:26,18361.45,150,11495900
20221118,09:28:27,18361.65,50,11495900
20221118,09:28:29,18360.70,100,11495900
20221118,09:28:30,18362.10,50,11495900
20221118,09:28:31,18362.00,1200,11495900
20221118,09:28:32,18360.05,1450,11495900
20221118,09:28:34,18362.00,50,11495900
20221118,09:28:35,18362.90,900,11495900
20221118,09:28:36,18362.55,350,11495900
20221118,09:28:37,18362.70,900,11495900
20221118,09:28:39,18360.05,50,11495900
20221118,09:28:40,18362.80,300,11495900
20221118,09:28:41,18362.20,250,11495900
20221118,09:28:42,18362.80,1150,11495900
20221118,09:28:44,18362.65,100,11495900
20221118,09:28:45,18360.00,300,11495900
20221118,09:28:46,18361.35,850,11495900
20221118,09:28:47,18361.65,550,11495900
20221118,09:28:48,18360.00,200,11495900
20221118,09:28:49,18360.00,50,11495900
20221118,09:28:50,18360.05,450,11495900
20221118,09:28:51,18361.95,50,11495900
20221118,09:28:52,18360.70,450,11495900
20221118,09:28:54,18362.55,200,11495900
20221118,09:28:55,18360.20,350,11495900
20221118,09:28:57,18360.20,100,11495900
20221118,09:28:58,18361.90,100,11495900
20221118,09:28:59,18363.10,150,11495900
20221118,09:29:00,18362.00,300,11495900
20221118,09:29:00,18362.75,50,11495900
20221118,09:29:02,18360.90,250,11495900
20221118,09:29:03,18360.20,300,11495900
20221118,09:29:04,18361.95,100,11495900
20221118,09:29:05,18360.10,100,11495900
20221118,09:29:06,18360.00,100,11495900
20221118,09:29:07,18360.95,150,11495900
20221118,09:29:08,18361.15,50,11495900
20221118,09:29:09,18361.10,50,11495900
20221118,09:29:10,18360.00,100,11495900
20221118,09:29:11,18361.40,150,11495900
20221118,09:29:12,18359.40,1550,11495900
20221118,09:29:13,18359.05,50,11495900
20221118,09:29:15,18359.05,50,11495900
20221118,09:29:16,18359.00,250,11495900
20221118,09:29:17,18357.80,300,11495900
20221118,09:29:18,18357.00,1350,11495900
20221118,09:29:19,18357.00,200,11495900
20221118,09:29:20,18357.00,100,11495900
20221118,09:29:21,18357.00,500,11495900
20221118,09:29:23,18356.90,200,11495900
20221118,09:29:24,18356.90,550,11495900
20221118,09:29:24,18357.05,150,11495900
20221118,09:29:26,18358.35,250,11501000
20221118,09:29:27,18358.35,150,11501000
20221118,09:29:28,18357.00,350,11501000
20221118,09:29:29,18357.90,1250,11501000
20221118,09:29:29,18358.20,150,11501000
20221118,09:29:30,18358.60,300,11501000
20221118,09:29:32,18360.00,100,11501000
20221118,09:29:33,18359.50,250,11501000
20221118,09:29:34,18358.50,200,11501000
20221118,09:29:35,18360.00,350,11501000
20221118,09:29:36,18360.00,100,11501000
20221118,09:29:37,18360.00,50,11501000
20221118,09:29:38,18360.00,350,11501000
20221118,09:29:40,18358.70,50,11501000
20221118,09:29:41,18360.00,50,11501000
20221118,09:29:42,18358.85,100,11501000
20221118,09:29:43,18360.00,100,11501000
20221118,09:29:43,18360.90,50,11501000
20221118,09:29:45,18360.00,200,11501000
20221118,09:29:46,18362.00,1200,11501000
20221118,09:29:48,18360.60,300,11501000
20221118,09:29:49,18360.15,100,11501000
20221118,09:29:50,18364.30,1000,11501000
20221118,09:29:51,18364.20,400,11501000
20221118,09:29:52,18363.90,100,11501000
20221118,09:29:53,18363.90,350,11501000
20221118,09:29:55,18363.95,100,11501000
20221118,09:29:55,18361.15,200,11501000
20221118,09:29:56,18361.15,50,11501000
20221118,09:29:58,18362.40,350,11501000
20221118,09:29:59,18363.85,350,11501000
20221118,09:30:00,18362.80,300,11501000
20221118,09:30:01,18361.25,200,11501000
20221118,09:30:02,18363.25,800,11501000
20221118,09:30:03,18364.75,1400,11501000
20221118,09:30:04,18365.00,350,11501000
20221118,09:30:05,18363.60,300,11501000
20221118,09:30:06,18362.80,250,11501000
20221118,09:30:07,18363.90,1100,11501000
20221118,09:30:08,18361.20,400,11501000
20221118,09:30:09,18362.95,300,11501000
20221118,09:30:10,18360.60,100,11501000
20221118,09:30:11,18361.20,50,11501000
20221118,09:30:13,18360.60,250,11501000
20221118,09:30:14,18362.00,500,11501000
20221118,09:30:15,18360.45,500,11501000
20221118,09:30:16,18358.90,800,11501000
20221118,09:30:17,18358.90,50,11501000
20221118,09:30:18,18359.95,350,11501000
20221118,09:30:20,18360.00,3650,11501000
20221118,09:30:21,18363.10,50,11501000
20221118,09:30:24,18358.90,350,11501000
20221118,09:30:25,18361.45,450,11501000
20221118,09:30:26,18360.85,150,11501000
20221118,09:30:26,18360.85,50,11501000
20221118,09:30:28,18363.30,300,11501000
20221118,09:30:29,18360.90,50,11501000
20221118,09:30:30,18363.05,200,11501000
20221118,09:30:31,18363.00,50,11501000
20221118,09:30:31,18363.05,50,11501000
20221118,09:30:33,18363.80,100,11501000
20221118,09:30:34,18364.35,300,11501000
20221118,09:30:35,18363.10,100,11501000
20221118,09:30:36,18363.10,250,11501000
20221118,09:30:37,18364.85,150,11501000
20221118,09:30:39,18364.40,50,11501000
20221118,09:30:40,18364.75,1900,11501000
20221118,09:30:41,18364.40,500,11501000
20221118,09:30:42,18363.10,600,11501000
20221118,09:30:42,18365.00,150,11501000
20221118,09:30:44,18364.95,200,11501000
20221118,09:30:45,18363.40,300,11501000
20221118,09:30:48,18364.90,50,11501000
20221118,09:30:50,18363.35,100,11501000
20221118,09:30:51,18363.95,150,11501000
20221118,09:30:52,18363.95,50,11501000
20221118,09:30:53,18364.65,300,11501000
20221118,09:30:54,18365.00,650,11501000
20221118,09:30:55,18366.10,150,11501000
20221118,09:30:55,18364.85,100,11501000
20221118,09:30:57,18366.05,150,11501000
20221118,09:30:58,18364.85,200,11501000
20221118,09:30:59,18366.35,450,11501000
20221118,09:31:00,18366.00,200,11501000
20221118,09:31:01,18365.40,100,11501000
20221118,09:31:05,18366.60,100,11501000
20221118,09:31:06,18365.00,100,11501000
20221118,09:31:07,18365.65,2100,11501000
20221118,09:31:09,18365.00,250,11501000
20221118,09:31:10,18366.70,1350,11501000
20221118,09:31:11,18366.80,2000,11501000
20221118,09:31:12,18365.70,200,11501000
20221118,09:31:14,18364.90,200,11501000
20221118,09:31:15,18366.20,450,11501000
20221118,09:31:16,18367.60,350,11501000
20221118,09:31:17,18367.70,2000,11501000
20221118,09:31:18,18367.30,850,11501000
20221118,09:31:20,18367.30,150,11501000
20221118,09:31:21,18366.60,2000,11501000
20221118,09:31:23,18364.90,100,11501000
20221118,09:31:24,18365.20,200,11501000
20221118,09:31:25,18365.25,150,11501000
20221118,09:31:26,18365.20,350,11501000
20221118,09:31:27,18366.25,250,11501000
20221118,09:31:29,18365.00,50,11501000
20221118,09:31:30,18365.00,50,11501000
20221118,09:31:31,18364.00,350,11501000
20221118,09:31:32,18365.80,700,11501000
20221118,09:31:33,18365.00,150,11501000
20221118,09:31:34,18365.25,50,11501000
20221118,09:31:35,18365.00,50,11501000
20221118,09:31:36,18366.70,150,11501000
20221118,09:31:37,18366.70,50,11501000
20221118,09:31:38,18366.70,50,11501000
20221118,09:31:39,18364.65,150,11501000
20221118,09:31:40,18366.00,250,11501000
20221118,09:31:41,18366.70,150,11501000
20221118,09:31:42,18366.00,550,11501000
20221118,09:31:46,18367.20,50,11501000
20221118,09:31:47,18366.05,300,11501000
20221118,09:31:48,18366.05,200,11501000
20221118,09:31:49,18367.20,100,11501000
20221118,09:31:51,18367.00,100,11501000
20221118,09:31:52,18367.80,300,11501000
20221118,09:31:53,18368.80,2200,11501000
20221118,09:31:54,18367.20,400,11501000
20221118,09:31:55,18367.15,150,11501000
20221118,09:31:56,18368.00,1250,11501000
20221118,09:31:57,18368.25,400,11501000
20221118,09:31:59,18366.00,600,11501000
20221118,09:32:00,18366.00,100,11501000
20221118,09:32:01,18367.15,200,11501000
20221118,09:32:02,18366.00,50,11501000
20221118,09:32:03,18367.20,900,11501000
20221118,09:32:04,18367.20,100,11501000
20221118,09:32:05,18365.25,50,11501000
20221118,09:32:06,18367.15,50,11501000
20221118,09:32:08,18367.20,300,11501000
20221118,09:32:09,18367.65,2000,11501000
20221118,09:32:10,18367.00,50,11501000
20221118,09:32:11,18367.00,100,11501000
20221118,09:32:12,18366.00,200,11501000
20221118,09:32:13,18367.35,250,11501000
20221118,09:32:14,18367.10,500,11501000
20221118,09:32:15,18365.50,50,11501000
20221118,09:32:16,18366.55,100,11501000
20221118,09:32:17,18365.00,100,11501000
20221118,09:32:18,18366.50,50,11501000
20221118,09:32:20,18365.90,250,11501000
20221118,09:32:22,18365.10,1350,11501000
20221118,09:32:23,18364.55,150,11501000
20221118,09:32:24,18364.00,150,11501000
20221118,09:32:26,18361.05,750,11501000
20221118,09:32:27,18360.90,1300,11518550
20221118,09:32:28,18360.30,100,11518550
20221118,09:32:29,18359.00,2100,11518550
20221118,09:32:30,18358.60,100,11518550
20221118,09:32:31,18360.10,150,11518550
20221118,09:32:32,18358.60,50,11518550
20221118,09:32:33,18358.05,750,11518550
20221118,09:32:34,18352.00,6850,11518550
20221118,09:32:35,18352.00,200,11518550
20221118,09:32:37,18354.25,150,11518550
20221118,09:32:38,18352.05,100,11518550
20221118,09:32:39,18352.10,50,11518550
20221118,09:32:40,18352.30,400,11518550
20221118,09:32:41,18352.70,150,11518550
20221118,09:32:42,18355.00,50,11518550
20221118,09:32:43,18354.10,150,11518550
20221118,09:32:44,18354.20,300,11518550
20221118,09:32:45,18355.05,150,11518550
20221118,09:32:46,18355.55,100,11518550
20221118,09:32:48,18355.70,150,11518550
20221118,09:32:49,18355.75,150,11518550
20221118,09:32:50,18356.35,1100,11518550
20221118,09:32:51,18358.80,100,11518550
20221118,09:32:52,18359.60,250,11518550
20221118,09:32:53,18359.90,300,11518550
20221118,09:32:54,18358.55,350,11518550
20221118,09:32:55,18355.90,200,11518550
20221118,09:32:58,18356.65,50,11518550
20221118,09:32:59,18355.05,200,11518550
20221118,09:33:00,18356.70,100,11518550
20221118,09:33:01,18356.65,200,11518550
20221118,09:33:02,18355.00,150,11518550
20221118,09:33:03,18355.00,500,11518550
20221118,09:33:04,18356.00,200,11518550
20221118,09:33:05,18354.95,150,11518550
20221118,09:33:06,18356.30,150,11518550
20221118,09:33:07,18355.00,100,11518550
20221118,09:33:08,18356.30,50,11518550
20221118,09:33:09,18355.00,200,11518550
20221118,09:33:10,18356.30,50,11518550
20221118,09:33:12,18358.80,1300,11518550
20221118,09:33:13,18356.25,250,11518550
20221118,09:33:15,18358.80,250,11518550
20221118,09:33:16,18356.05,100,11518550
20221118,09:33:18,18356.65,50,11518550
20221118,09:33:19,18356.65,50,11518550
20221118,09:33:20,18355.85,200,11518550
20221118,09:33:21,18356.65,300,11518550
20221118,09:33:24,18356.65,900,11518550
20221118,09:33:25,18359.00,100,11518550
20221118,09:33:26,18358.00,50,11518550
20221118,09:33:27,18359.60,100,11518550
20221118,09:33:28,18358.70,100,11518550
20221118,09:33:29,18360.00,250,11518550
20221118,09:33:30,18360.00,50,11518550
20221118,09:33:31,18360.15,50,11518550
20221118,09:33:33,18358.70,1700,11518550
20221118,09:33:34,18360.65,150,11518550
20221118,09:33:39,18359.95,50,11518550
20221118,09:33:40,18360.00,150,11518550
20221118,09:33:41,18359.80,100,11518550
20221118,09:33:42,18359.55,100,11518550
20221118,09:33:43,18359.55,200,11518550
20221118,09:33:45,18359.50,100,11518550
20221118,09:33:47,18359.40,50,11518550
20221118,09:33:48,18359.40,150,11518550
20221118,09:33:49,18358.70,100,11518550
20221118,09:33:50,18358.90,300,11518550
20221118,09:33:51,18359.40,150,11518550
20221118,09:33:52,18359.30,50,11518550
20221118,09:33:54,18359.35,300,11518550
20221118,09:33:55,18358.00,150,11518550
20221118,09:33:56,18357.10,1050,11518550
20221118,09:33:57,18358.60,100,11518550
20221118,09:33:58,18357.00,50,11518550
20221118,09:34:00,18357.00,200,11518550
20221118,09:34:01,18359.95,700,11518550
20221118,09:34:02,18358.10,50,11518550
20221118,09:34:03,18357.95,150,11518550
20221118,09:34:04,18360.00,250,11518550
20221118,09:34:05,18360.55,100,11518550
20221118,09:34:06,18362.40,50,11518550
20221118,09:34:08,18361.20,250,11518550
20221118,09:34:09,18361.55,50,11518550
20221118,09:34:10,18359.70,300,11518550
20221118,09:34:12,18360.65,300,11518550
20221118,09:34:14,18358.90,50,11518550
20221118,09:34:15,18359.40,300,11518550
20221118,09:34:16,18358.60,200,11518550
20221118,09:34:17,18359.85,200,11518550
20221118,09:34:18,18360.20,250,11518550
20221118,09:34:20,18359.95,100,11518550
20221118,09:34:21,18360.60,300,11518550
20221118,09:34:22,18360.10,150,11518550
20221118,09:34:23,18360.65,100,11518550
20221118,09:34:24,18361.00,100,11518550
20221118,09:34:26,18358.90,150,11518550
20221118,09:34:27,18358.70,150,11518550
20221118,09:34:29,18358.90,100,11518550
20221118,09:34:30,18358.90,750,11518550
20221118,09:34:31,18361.35,100,11518550
20221118,09:34:34,18362.00,450,11518550
20221118,09:34:36,18362.85,50,11518550
20221118,09:34:37,18362.90,50,11518550
20221118,09:34:38,18362.90,50,11518550
20221118,09:34:39,18363.35,400,11518550
20221118,09:34:41,18363.40,200,11518550
20221118,09:34:41,18364.00,150,11518550
20221118,09:34:42,18364.00,50,11518550
20221118,09:34:43,18364.00,100,11518550
20221118,09:34:44,18364.00,100,11518550
20221118,09:34:45,18363.40,400,11518550
20221118,09:34:47,18363.40,1250,11518550
20221118,09:34:48,18361.35,2050,11518550
20221118,09:34:49,18362.35,550,11518550
20221118,09:34:50,18362.45,250,11518550
20221118,09:34:51,18361.40,50,11518550
20221118,09:34:52,18361.65,250,11518550
20221118,09:34:53,18361.70,50,11518550
20221118,09:34:54,18360.95,650,11518550
20221118,09:34:55,18360.95,50,11518550
20221118,09:34:57,18362.35,50,11518550
20221118,09:34:57,18362.40,50,11518550
20221118,09:34:58,18362.20,50,11518550
20221118,09:34:59,18362.90,100,11518550
20221118,09:35:00,18361.65,250,11518550
20221118,09:35:01,18360.95,500,11518550
20221118,09:35:02,18360.00,450,11518550
20221118,09:35:03,18360.00,150,11518550
20221118,09:35:04,18360.00,200,11518550
20221118,09:35:05,18360.20,100,11518550
20221118,09:35:06,18359.95,150,11518550
20221118,09:35:08,18360.20,200,11518550
20221118,09:35:09,18360.00,350,11518550
20221118,09:35:10,18360.20,300,11518550
20221118,09:35:11,18359.60,200,11518550
20221118,09:35:12,18360.40,50,11518550
20221118,09:35:14,18359.40,200,11518550
20221118,09:35:15,18360.00,100,11518550
20221118,09:35:16,18360.75,200,11518550
20221118,09:35:17,18361.00,200,11518550
20221118,09:35:18,18359.30,50,11518550
20221118,09:35:20,18360.40,50,11518550
20221118,09:35:20,18360.85,50,11518550
20221118,09:35:23,18361.35,100,11518550
20221118,09:35:25,18361.25,50,11518550
20221118,09:35:26,18360.05,100,11518550
20221118,09:35:27,18360.85,200,11524350
20221118,09:35:28,18360.95,50,11524350
20221118,09:35:29,18360.75,1200,11524350
20221118,09:35:31,18361.35,100,11524350
20221118,09:35:33,18360.00,300,11524350
20221118,09:35:34,18361.35,500,11524350
20221118,09:35:35,18360.10,300,11524350
20221118,09:35:36,18362.10,250,11524350
20221118,09:35:39,18361.45,150,11524350
20221118,09:35:40,18360.85,700,11524350
20221118,09:35:40,18359.25,750,11524350
20221118,09:35:41,18360.35,100,11524350
20221118,09:35:42,18360.05,1800,11524350
20221118,09:35:43,18359.00,1350,11524350
20221118,09:35:44,18359.35,500,11524350
20221118,09:35:45,18358.90,750,11524350
20221118,09:35:50,18357.80,250,11524350
20221118,09:35:52,18357.00,50,11524350
20221118,09:35:53,18357.00,150,11524350
20221118,09:35:55,18357.00,500,11524350
20221118,09:35:56,18357.60,150,11524350
20221118,09:35:56,18358.15,150,11524350
20221118,09:35:57,18357.40,200,11524350
20221118,09:35:58,18357.40,100,11524350
20221118,09:35:59,18358.00,100,11524350
20221118,09:36:01,18357.40,150,11524350
20221118,09:36:01,18357.00,100,11524350
20221118,09:36:02,18357.30,250,11524350
20221118,09:36:03,18357.00,50,11524350
20221118,09:36:05,18356.25,150,11524350
20221118,09:36:06,18355.00,550,11524350
20221118,09:36:06,18355.55,50,11524350
20221118,09:36:07,18354.00,1950,11524350
20221118,09:36:08,18354.00,550,11524350
20221118,09:36:10,18353.90,150,11524350
20221118,09:36:11,18353.10,100,11524350
20221118,09:36:11,18353.10,50,11524350
20221118,09:36:12,18353.10,100,11524350
20221118,09:36:13,18352.95,750,11524350
20221118,09:36:15,18352.95,250,11524350
20221118,09:36:16,18352.95,100,11524350
20221118,09:36:17,18352.95,400,11524350
20221118,09:36:18,18352.00,400,11524350
20221118,09:36:19,18352.95,400,11524350
20221118,09:36:21,18352.55,1350,11524350
20221118,09:36:22,18355.35,300,11524350
20221118,09:36:23,18353.05,50,11524350
20221118,09:36:24,18352.45,650,11524350
20221118,09:36:25,18353.80,50,11524350
20221118,09:36:27,18352.95,50,11524350
20221118,09:36:29,18354.45,250,11524350
20221118,09:36:30,18353.00,50,11524350
20221118,09:36:32,18353.90,100,11524350
20221118,09:36:33,18353.85,150,11524350
20221118,09:36:33,18353.05,50,11524350
20221118,09:36:34,18353.00,100,11524350
20221118,09:36:35,18352.20,400,11524350
20221118,09:36:36,18353.00,100,11524350
20221118,09:36:38,18352.95,200,11524350
20221118,09:36:39,18352.00,200,11524350
20221118,09:36:40,18352.00,350,11524350
20221118,09:36:41,18352.95,350,11524350
20221118,09:36:43,18352.25,150,11524350
20221118,09:36:44,18352.95,300,11524350
20221118,09:36:45,18352.95,100,11524350
20221118,09:36:48,18352.25,450,11524350
20221118,09:36:49,18352.50,1350,11524350
20221118,09:36:50,18352.95,200,11524350
20221118,09:36:51,18353.95,150,11524350
20221118,09:36:52,18353.00,550,11524350
20221118,09:36:54,18353.00,250,11524350
20221118,09:36:55,18353.95,100,11524350
20221118,09:36:55,18353.00,50,11524350
20221118,09:36:56,18353.00,400,11524350
20221118,09:36:57,18354.05,200,11524350
20221118,09:36:58,18354.05,150,11524350
20221118,09:37:00,18354.05,150,11524350
20221118,09:37:01,18354.05,100,11524350
20221118,09:37:02,18353.20,150,11524350
20221118,09:37:03,18354.05,100,11524350
20221118,09:37:04,18353.00,100,11524350
20221118,09:37:05,18351.60,2200,11524350
20221118,09:37:06,18351.05,350,11524350
20221118,09:37:07,18348.05,13200,11524350
20221118,09:37:08,18349.50,150,11524350
20221118,09:37:09,18348.00,900,11524350
20221118,09:37:10,18340.40,109600,11524350
20221118,09:37:11,18341.60,1900,11524350
20221118,09:37:12,18344.00,2150,11524350
20221118,09:37:13,18344.10,2800,11524350
20221118,09:37:14,18344.25,1850,11524350
20221118,09:37:15,18346.00,500,11524350
20221118,09:37:17,18345.15,3750,11524350
20221118,09:37:18,18347.05,1150,11524350
20221118,09:37:19,18348.15,350,11524350
20221118,09:37:20,18345.70,350,11524350
20221118,09:37:21,18346.50,500,11524350
20221118,09:37:22,18348.40,300,11524350
20221118,09:37:23,18346.00,150,11524350
20221118,09:37:24,18347.00,350,11524350
20221118,09:37:25,18345.45,300,11524350
20221118,09:37:26,18345.00,50,11524350
20221118,09:37:27,18346.75,300,11524350
20221118,09:37:28,18346.20,750,11524350
20221118,09:37:29,18347.65,1800,11524350
20221118,09:37:30,18347.20,600,11524350
20221118,09:37:31,18348.80,300,11524350
20221118,09:37:32,18345.95,650,11524350
20221118,09:37:33,18345.85,1100,11524350
20221118,09:37:34,18345.20,200,11524350
20221118,09:37:35,18347.50,100,11524350
20221118,09:37:36,18347.50,500,11524350
20221118,09:37:37,18348.45,2450,11524350
20221118,09:37:38,18348.65,400,11524350
20221118,09:37:39,18346.75,500,11524350
20221118,09:37:40,18349.05,200,11524350
20221118,09:37:41,18349.50,150,11524350
20221118,09:37:42,18347.10,100,11524350
20221118,09:37:43,18348.75,200,11524350
20221118,09:37:44,18348.40,100,11524350
20221118,09:37:44,18346.15,50,11524350
20221118,09:37:45,18349.50,1150,11524350
20221118,09:37:47,18347.15,50,11524350
20221118,09:37:49,18348.95,50,11524350
20221118,09:37:50,18346.70,3400,11524350
20221118,09:37:50,18349.00,50,11524350
20221118,09:37:51,18348.80,350,11524350
20221118,09:37:52,18348.85,150,11524350
20221118,09:37:54,18348.70,50,11524350
20221118,09:37:55,18347.15,200,11524350
20221118,09:37:56,18347.15,300,11524350
20221118,09:37:57,18348.80,250,11524350
20221118,09:37:59,18348.50,300,11524350
20221118,09:38:01,18349.85,600,11524350
20221118,09:38:02,18352.60,1350,11524350
20221118,09:38:03,18350.75,150,11524350
20221118,09:38:04,18348.80,800,11524350
20221118,09:38:05,18350.90,300,11524350
20221118,09:38:07,18351.00,350,11524350
20221118,09:38:08,18351.70,100,11524350
20221118,09:38:09,18352.25,1000,11524350
20221118,09:38:10,18350.25,600,11524350
20221118,09:38:11,18351.05,500,11524350
20221118,09:38:12,18350.00,200,11524350
20221118,09:38:13,18352.65,2250,11524350
20221118,09:38:14,18353.85,1850,11524350
20221118,09:38:15,18354.30,1800,11524350
20221118,09:38:16,18354.40,2150,11524350
20221118,09:38:17,18355.65,2150,11524350
20221118,09:38:18,18355.25,550,11524350
20221118,09:38:20,18355.30,200,11524350
20221118,09:38:21,18355.40,50,11524350
20221118,09:38:22,18352.80,400,11524350
20221118,09:38:23,18353.65,100,11524350
20221118,09:38:24,18353.20,1150,11524350
20221118,09:38:26,18351.70,200,11524350
20221118,09:38:27,18353.25,50,11524350
20221118,09:38:28,18354.15,400,11540700
20221118,09:38:29,18351.65,100,11540700
20221118,09:38:31,18352.10,1900,11540700
20221118,09:38:32,18354.75,300,11540700
20221118,09:38:33,18352.85,200,11540700
20221118,09:38:34,18354.75,50,11540700
20221118,09:38:35,18354.95,100,11540700
20221118,09:38:36,18354.70,450,11540700
20221118,09:38:37,18354.75,50,11540700
20221118,09:38:38,18353.00,150,11540700
20221118,09:38:39,18352.85,400,11540700
20221118,09:38:41,18354.55,900,11540700
20221118,09:38:42,18355.30,1200,11540700
20221118,09:38:43,18354.55,100,11540700
20221118,09:38:44,18354.45,100,11540700
20221118,09:38:45,18354.50,850,11540700
20221118,09:38:46,18354.90,100,11540700
20221118,09:38:47,18354.75,200,11540700
20221118,09:38:48,18352.00,100,11540700
20221118,09:38:49,18354.55,1050,11540700
20221118,09:38:50,18354.35,250,11540700
20221118,09:38:52,18353.95,300,11540700
20221118,09:38:53,18354.35,100,11540700
20221118,09:38:55,18353.90,350,11540700
20221118,09:38:57,18353.70,50,11540700
20221118,09:38:58,18351.50,200,11540700
20221118,09:38:59,18351.50,50,11540700
20221118,09:39:01,18351.50,450,11540700
20221118,09:39:02,18350.75,450,11540700
20221118,09:39:04,18351.50,200,11540700
20221118,09:39:05,18351.50,550,11540700
20221118,09:39:06,18350.00,1050,11540700
20221118,09:39:07,18350.00,1050,11540700
20221118,09:39:09,18350.00,1200,11540700
20221118,09:39:10,18350.00,450,11540700
20221118,09:39:11,18350.00,1550,11540700
20221118,09:39:12,18350.00,700,11540700
20221118,09:39:13,18350.75,800,11540700
20221118,09:39:14,18350.70,2500,11540700
20221118,09:39:15,18350.70,400,11540700
20221118,09:39:16,18350.00,550,11540700
20221118,09:39:17,18350.00,750,11540700
20221118,09:39:18,18350.50,300,11540700
20221118,09:39:19,18350.00,300,11540700
20221118,09:39:20,18350.15,150,11540700
20221118,09:39:21,18348.80,4200,11540700
20221118,09:39:22,18348.75,200,11540700
20221118,09:39:23,18349.60,250,11540700
20221118,09:39:24,18349.45,100,11540700
20221118,09:39:26,18348.95,200,11540700
20221118,09:39:27,18349.05,350,11540700
20221118,09:39:28,18349.45,950,11540700
20221118,09:39:30,18349.55,450,11540700
20221118,09:39:32,18349.95,100,11540700
20221118,09:39:33,18348.60,200,11540700
20221118,09:39:34,18349.80,400,11540700
20221118,09:39:35,18348.40,750,11540700
20221118,09:39:36,18348.95,50,11540700
20221118,09:39:37,18349.80,50,11540700
20221118,09:39:38,18349.80,50,11540700
20221118,09:39:39,18349.05,300,11540700
20221118,09:39:40,18349.00,50,11540700
20221118,09:39:41,18349.00,50,11540700
20221118,09:39:42,18350.00,700,11540700
20221118,09:39:43,18351.00,550,11540700
20221118,09:39:44,18352.00,1100,11540700
20221118,09:39:45,18353.95,650,11540700
20221118,09:39:47,18351.45,450,11540700
20221118,09:39:48,18354.55,2300,11540700
20221118,09:39:49,18352.70,100,11540700
20221118,09:39:50,18353.75,100,11540700
20221118,09:39:52,18353.85,200,11540700
20221118,09:39:53,18352.00,50,11540700
20221118,09:39:54,18352.10,300,11540700
20221118,09:39:54,18351.00,50,11540700
20221118,09:39:55,18351.50,50,11540700
20221118,09:39:58,18351.35,300,11540700
20221118,09:39:59,18351.60,250,11540700
20221118,09:40:00,18351.50,300,11540700
20221118,09:40:01,18350.00,100,11540700
20221118,09:40:02,18351.95,600,11540700
20221118,09:40:04,18351.95,300,11540700
20221118,09:40:05,18350.00,1000,11540700
20221118,09:40:06,18349.95,100,11540700
20221118,09:40:07,18349.95,2000,11540700
20221118,09:40:09,18348.05,250,11540700
20221118,09:40:10,18347.70,1300,11540700
20221118,09:40:11,18347.00,200,11540700
20221118,09:40:12,18346.95,300,11540700
20221118,09:40:13,18348.15,300,11540700
20221118,09:40:14,18348.25,50,11540700
20221118,09:40:16,18349.50,400,11540700
20221118,09:40:17,18349.15,250,11540700
20221118,09:40:18,18349.40,650,11540700
20221118,09:40:19,18349.15,350,11540700
20221118,09:40:19,18349.90,100,11540700
20221118,09:40:20,18350.10,200,11540700
20221118,09:40:21,18351.70,900,11540700
20221118,09:40:22,18351.70,300,11540700
20221118,09:40:23,18351.70,50,11540700
20221118,09:40:27,18350.70,100,11540700
20221118,09:40:28,18350.45,100,11540700
20221118,09:40:29,18351.40,850,11540700
20221118,09:40:30,18351.35,200,11540700
20221118,09:40:31,18350.70,100,11540700
20221118,09:40:31,18351.35,50,11540700
20221118,09:40:32,18351.20,300,11540700
20221118,09:40:34,18350.85,100,11540700
20221118,09:40:35,18351.45,300,11540700
20221118,09:40:36,18350.55,800,11540700
20221118,09:40:37,18350.90,300,11540700
20221118,09:40:38,18350.05,50,11540700
20221118,09:40:39,18350.90,50,11540700
20221118,09:40:41,18350.90,50,11540700
20221118,09:40:43,18350.40,200,11540700
20221118,09:40:44,18350.00,450,11540700
20221118,09:40:45,18350.40,100,11540700
20221118,09:40:47,18349.55,550,11540700
20221118,09:40:48,18349.70,150,11540700
20221118,09:40:49,18349.00,250,11540700
20221118,09:40:50,18350.55,650,11540700
20221118,09:40:51,18350.65,100,11540700
20221118,09:40:52,18350.00,100,11540700
20221118,09:40:54,18350.00,400,11540700
20221118,09:40:55,18349.25,650,11540700
20221118,09:40:56,18349.10,150,11540700
20221118,09:40:57,18349.85,500,11540700
20221118,09:40:58,18348.85,300,11540700
20221118,09:41:00,18350.00,500,11540700
20221118,09:41:01,18350.00,300,11540700
20221118,09:41:03,18349.90,50,11540700
20221118,09:41:04,18349.90,150,11540700
20221118,09:41:05,18349.15,100,11540700
20221118,09:41:06,18347.20,900,11540700
20221118,09:41:07,18346.00,800,11540700
20221118,09:41:08,18345.45,100,11540700
20221118,09:41:09,18347.05,3400,11540700
20221118,09:41:10,18346.70,50,11540700
20221118,09:41:11,18348.10,50,11540700
20221118,09:41:12,18348.40,50,11540700
20221118,09:41:14,18348.90,350,11540700
20221118,09:41:15,18347.85,150,11540700
20221118,09:41:16,18347.85,500,11540700
20221118,09:41:17,18349.85,300,11540700
20221118,09:41:18,18349.55,300,11540700
20221118,09:41:19,18349.70,400,11540700
20221118,09:41:20,18349.90,150,11540700
20221118,09:41:21,18350.30,600,11540700
20221118,09:41:22,18350.75,100,11540700
20221118,09:41:23,18351.90,1000,11540700
20221118,09:41:24,18351.75,500,11540700
20221118,09:41:25,18351.85,100,11540700
20221118,09:41:26,18354.25,2100,11540700
20221118,09:41:28,18354.25,50,11534500
20221118,09:41:29,18353.45,150,11534500
20221118,09:41:30,18355.80,150,11534500
20221118,09:41:31,18357.00,950,11534500
20221118,09:41:32,18354.40,300,11534500
20221118,09:41:33,18355.65,300,11534500
20221118,09:41:34,18355.90,250,11534500
20221118,09:41:35,18355.60,350,11534500
20221118,09:41:36,18355.90,300,11534500
20221118,09:41:37,18356.05,50,11534500
20221118,09:41:38,18355.85,250,11534500
20221118,09:41:39,18355.00,100,11534500
20221118,09:41:40,18355.85,550,11534500
20221118,09:41:41,18355.80,100,11534500
20221118,09:41:42,18356.15,1550,11534500
20221118,09:41:43,18358.00,300,11534500
20221118,09:41:44,18357.95,200,11534500
20221118,09:41:45,18356.35,1300,11534500
20221118,09:41:46,18353.90,1750,11534500
20221118,09:41:47,18355.70,1300,11534500
20221118,09:41:48,18356.35,150,11534500
20221118,09:41:49,18355.00,200,11534500
20221118,09:41:50,18356.05,100,11534500
20221118,09:41:51,18356.20,300,11534500
20221118,09:41:53,18356.05,150,11534500
20221118,09:41:54,18355.95,150,11534500
20221118,09:41:55,18356.00,1000,11534500
20221118,09:41:56,18356.05,1800,11534500
20221118,09:41:57,18355.20,250,11534500
20221118,09:41:58,18355.20,550,11534500
20221118,09:41:59,18356.75,200,11534500
20221118,09:42:00,18356.00,100,11534500
20221118,09:42:01,18356.95,200,11534500
20221118,09:42:03,18357.55,150,11534500
20221118,09:42:04,18356.80,100,11534500
20221118,09:42:05,18357.00,750,11534500
20221118,09:42:06,18357.00,2100,11534500
20221118,09:42:07,18359.90,2300,11534500
20221118,09:42:08,18357.00,100,11534500
20221118,09:42:11,18359.95,500,11534500
20221118,09:42:12,18359.85,150,11534500
20221118,09:42:13,18359.55,250,11534500
20221118,09:42:13,18358.00,50,11534500
20221118,09:42:15,18357.00,550,11534500
20221118,09:42:16,18357.00,550,11534500
20221118,09:42:17,18359.00,1550,11534500
20221118,09:42:18,18357.00,250,11534500
20221118,09:42:18,18358.70,50,11534500
20221118,09:42:20,18359.25,300,11534500
20221118,09:42:22,18358.70,350,11534500
20221118,09:42:23,18358.60,1800,11534500
20221118,09:42:23,18358.00,50,11534500
20221118,09:42:24,18357.90,350,11534500
20221118,09:42:26,18358.00,300,11534500
20221118,09:42:27,18357.90,100,11534500
20221118,09:42:29,18357.90,150,11534500
20221118,09:42:29,18357.75,50,11534500
20221118,09:42:31,18358.40,1250,11534500
20221118,09:42:32,18359.05,2000,11534500
20221118,09:42:33,18359.15,300,11534500
20221118,09:42:34,18358.15,50,11534500
20221118,09:42:36,18358.00,100,11534500
20221118,09:42:37,18358.00,250,11534500
20221118,09:42:38,18356.00,4800,11534500
20221118,09:42:39,18355.00,100,11534500
20221118,09:42:40,18355.00,200,11534500
20221118,09:42:41,18354.80,4350,11534500
20221118,09:42:42,18355.30,1050,11534500
20221118,09:42:43,18355.70,300,11534500
20221118,09:42:44,18355.00,100,11534500
20221118,09:42:45,18353.00,200,11534500
20221118,09:42:47,18352.00,1600,11534500
20221118,09:42:48,18351.55,50,11534500
20221118,09:42:49,18353.80,100,11534500
20221118,09:42:50,18354.45,100,11534500
20221118,09:42:51,18354.45,150,11534500
20221118,09:42:53,18354.35,200,11534500
20221118,09:42:54,18354.00,3250,11534500
20221118,09:42:55,18356.70,2100,11534500
20221118,09:42:56,18357.50,750,11534500
20221118,09:42:57,18357.50,150,11534500
20221118,09:42:59,18357.30,200,11534500
20221118,09:43:00,18355.45,100,11534500
20221118,09:43:01,18355.00,150,11534500
20221118,09:43:02,18356.25,50,11534500
20221118,09:43:03,18355.00,250,11534500
20221118,09:43:04,18354.00,250,11534500
20221118,09:43:07,18354.00,100,11534500
20221118,09:43:08,18354.05,50,11534500
20221118,09:43:09,18354.10,150,11534500
20221118,09:43:10,18355.15,50,11534500
20221118,09:43:11,18355.90,50,11534500
20221118,09:43:13,18356.20,1600,11534500
20221118,09:43:15,18356.10,150,11534500
20221118,09:43:17,18356.05,200,11534500
20221118,09:43:18,18354.20,100,11534500
20221118,09:43:20,18355.00,300,11534500
20221118,09:43:22,18355.00,50,11534500
20221118,09:43:23,18355.00,50,11534500
20221118,09:43:24,18355.90,100,11534500
20221118,09:43:26,18358.05,2150,11534500
20221118,09:43:28,18357.65,800,11534500
20221118,09:43:32,18358.20,100,11534500
20221118,09:43:33,18357.70,200,11534500
20221118,09:43:35,18358.15,300,11534500
20221118,09:43:36,18358.15,50,11534500
20221118,09:43:37,18359.65,600,11534500
20221118,09:43:38,18358.15,1050,11534500
20221118,09:43:42,18359.95,100,11534500
20221118,09:43:43,18360.00,450,11534500
20221118,09:43:44,18360.00,50,11534500
20221118,09:43:45,18361.60,1800,11534500
20221118,09:43:46,18362.45,300,11534500
20221118,09:43:47,18362.35,200,11534500
20221118,09:43:48,18361.60,100,11534500
20221118,09:43:49,18361.45,150,11534500
20221118,09:43:51,18363.10,2000,11534500
20221118,09:43:53,18362.80,100,11534500
20221118,09:43:54,18362.70,150,11534500
20221118,09:43:55,18362.80,2250,11534500
20221118,09:43:56,18361.00,200,11534500
20221118,09:43:57,18361.00,1100,11534500
20221118,09:43:59,18361.00,300,11534500
20221118,09:44:00,18361.40,100,11534500
20221118,09:44:01,18361.25,300,11534500
20221118,09:44:02,18359.90,850,11534500
20221118,09:44:03,18359.30,250,11534500
20221118,09:44:05,18358.25,1000,11534500
20221118,09:44:06,18356.75,450,11534500
20221118,09:44:08,18356.35,650,11534500
20221118,09:44:09,18355.90,2050,11534500
20221118,09:44:10,18353.90,6050,11534500
20221118,09:44:11,18352.80,5000,11534500
20221118,09:44:12,18352.50,1650,11534500
20221118,09:44:13,18352.10,200,11534500
20221118,09:44:14,18354.10,450,11534500
20221118,09:44:15,18352.80,50,11534500
20221118,09:44:17,18354.65,50,11534500
20221118,09:44:18,18354.40,150,11534500
20221118,09:44:20,18354.50,400,11534500
20221118,09:44:22,18354.50,100,11534500
20221118,09:44:23,18354.50,100,11534500
20221118,09:44:24,18352.95,350,11534500
20221118,09:44:25,18353.00,50,11534500
20221118,09:44:26,18354.00,50,11534500
20221118,09:44:27,18354.10,50,11534500
20221118,09:44:28,18354.50,100,11523600
20221118,09:44:29,18353.00,100,11523600
20221118,09:44:30,18353.35,1550,11523600
20221118,09:44:31,18357.05,1400,11523600
20221118,09:44:32,18358.15,500,11523600
20221118,09:44:33,18355.60,450,11523600
20221118,09:44:34,18357.45,100,11523600
20221118,09:44:35,18354.95,600,11523600
20221118,09:44:38,18358.10,50,11523600
20221118,09:44:39,18358.00,450,11523600
20221118,09:44:41,18355.60,250,11523600
20221118,09:44:42,18355.60,100,11523600
20221118,09:44:43,18355.60,50,11523600
20221118,09:44:44,18355.00,50,11523600
20221118,09:44:49,18355.60,100,11523600
20221118,09:44:50,18355.10,150,11523600
20221118,09:44:51,18355.10,200,11523600
20221118,09:44:54,18355.10,300,11523600
20221118,09:44:55,18355.45,50,11523600
20221118,09:44:57,18355.55,200,11523600
20221118,09:45:00,18355.55,150,11523600
20221118,09:45:00,18356.25,650,11523600
20221118,09:45:01,18356.15,100,11523600
20221118,09:45:02,18356.15,100,11523600
20221118,09:45:03,18356.15,500,11523600
20221118,09:45:04,18356.00,1050,11523600
20221118,09:45:05,18355.55,150,11523600
20221118,09:45:06,18356.95,50,11523600
20221118,09:45:07,18357.40,350,11523600
20221118,09:45:08,18357.55,500,11523600
20221118,09:45:11,18357.50,400,11523600
20221118,09:45:11,18357.35,100,11523600
20221118,09:45:12,18357.35,100,11523600
20221118,09:45:13,18358.00,1600,11523600
20221118,09:45:15,18357.90,50,11523600
20221118,09:45:17,18357.90,150,11523600
20221118,09:45:18,18357.35,2050,11523600
20221118,09:45:21,18357.55,250,11523600
20221118,09:45:22,18358.00,1250,11523600
20221118,09:45:23,18358.00,200,11523600
20221118,09:45:24,18358.00,250,11523600
20221118,09:45:25,18358.00,300,11523600
20221118,09:45:27,18358.00,50,11523600
20221118,09:45:28,18358.00,100,11523600
20221118,09:45:29,18357.00,600,11523600
20221118,09:45:30,18357.55,300,11523600
20221118,09:45:35,18358.15,350,11523600
20221118,09:45:36,18358.20,100,11523600
20221118,09:45:37,18359.85,150,11523600
20221118,09:45:38,18359.95,100,11523600
20221118,09:45:39,18360.00,150,11523600
20221118,09:45:41,18361.85,1850,11523600
20221118,09:45:43,18362.25,200,11523600
20221118,09:45:44,18362.00,100,11523600
20221118,09:45:45,18362.25,500,11523600
20221118,09:45:46,18362.20,50,11523600
20221118,09:45:48,18361.95,100,11523600
20221118,09:45:50,18362.00,250,11523600
20221118,09:45:51,18361.95,100,11523600
20221118,09:45:53,18361.95,1150,11523600
20221118,09:45:54,18364.10,2100,11523600
20221118,09:45:55,18362.95,150,11523600
20221118,09:45:56,18363.90,50,11523600
20221118,09:45:57,18362.00,400,11523600
20221118,09:45:59,18362.00,250,11523600
20221118,09:45:59,18362.00,50,11523600
20221118,09:46:00,18363.50,250,11523600
20221118,09:46:01,18364.15,200,11523600
20221118,09:46:02,18363.65,200,11523600
20221118,09:46:04,18364.10,200,11523600
20221118,09:46:04,18364.15,50,11523600
20221118,09:46:05,18362.80,200,11523600
20221118,09:46:06,18363.60,100,11523600
20221118,09:46:07,18363.80,100,11523600
20221118,09:46:08,18363.65,100,11523600
20221118,09:46:09,18365.10,15050,11523600
20221118,09:46:10,18364.00,100,11523600
20221118,09:46:11,18365.65,200,11523600
20221118,09:46:12,18363.10,200,11523600
20221118,09:46:13,18364.00,1650,11523600
20221118,09:46:14,18365.35,100,11523600
20221118,09:46:15,18366.00,250,11523600
20221118,09:46:16,18365.70,150,11523600
20221118,09:46:17,18365.00,3250,11523600
20221118,09:46:18,18362.50,900,11523600
20221118,09:46:19,18365.00,900,11523600
20221118,09:46:20,18365.00,50,11523600
20221118,09:46:22,18365.75,400,11523600
20221118,09:46:23,18365.00,2400,11523600
20221118,09:46:24,18365.00,50,11523600
20221118,09:46:25,18363.80,150,11523600
20221118,09:46:27,18363.15,300,11523600
20221118,09:46:28,18363.75,100,11523600
20221118,09:46:29,18362.40,2350,11523600
20221118,09:46:30,18362.00,450,11523600
20221118,09:46:34,18360.55,2300,11523600
20221118,09:46:35,18360.05,350,11523600
20221118,09:46:37,18360.00,600,11523600
20221118,09:46:37,18359.70,400,11523600
20221118,09:46:38,18358.90,250,11523600
20221118,09:46:39,18358.70,200,11523600
20221118,09:46:40,18360.00,550,11523600
20221118,09:46:42,18361.15,550,11523600
20221118,09:46:43,18360.00,50,11523600
20221118,09:46:44,18363.00,500,11523600
20221118,09:46:46,18360.00,450,11523600
20221118,09:46:47,18361.50,100,11523600
20221118,09:46:49,18361.15,8600,11523600
20221118,09:46:51,18360.05,200,11523600
20221118,09:46:52,18359.05,1850,11523600
20221118,09:46:54,18360.00,1550,11523600
20221118,09:46:56,18357.05,350,11523600
20221118,09:46:57,18360.45,300,11523600
20221118,09:47:00,18360.30,100,11523600
20221118,09:47:01,18360.70,50,11523600
20221118,09:47:02,18360.35,50,11523600
20221118,09:47:03,18360.45,50,11523600
20221118,09:47:05,18360.10,250,11523600
20221118,09:47:06,18359.60,200,11523600
20221118,09:47:07,18359.85,200,11523600
20221118,09:47:10,18358.05,50,11523600
20221118,09:47:11,18358.50,300,11523600
20221118,09:47:12,18358.50,300,11523600
20221118,09:47:13,18358.50,600,11523600
20221118,09:47:15,18358.50,100,11523600
20221118,09:47:16,18358.65,50,11523600
20221118,09:47:17,18358.50,150,11523600
20221118,09:47:18,18358.50,100,11523600
20221118,09:47:20,18359.60,50,11523600
20221118,09:47:21,18358.00,1700,11523600
20221118,09:47:21,18357.20,100,11523600
20221118,09:47:22,18356.00,1550,11523600
20221118,09:47:23,18357.05,50,11523600
20221118,09:47:25,18357.00,550,11523600
20221118,09:47:26,18356.00,100,11523600
20221118,09:47:28,18355.20,3250,11523600
20221118,09:47:29,18355.20,100,11523600
20221118,09:47:30,18355.90,100,11560900
20221118,09:47:31,18355.20,50,11560900
20221118,09:47:32,18355.00,750,11560900
20221118,09:47:33,18355.20,100,11560900
20221118,09:47:34,18355.20,200,11560900
20221118,09:47:35,18356.85,50,11560900
20221118,09:47:36,18355.05,50,11560900
20221118,09:47:37,18355.00,150,11560900
20221118,09:47:38,18355.00,250,11560900
20221118,09:47:39,18356.65,100,11560900
20221118,09:47:40,18355.00,100,11560900
20221118,09:47:41,18355.75,450,11560900
20221118,09:47:42,18355.00,50,11560900
20221118,09:47:43,18354.00,150,11560900
20221118,09:47:44,18354.30,150,11560900
20221118,09:47:45,18353.10,50,11560900
20221118,09:47:46,18353.00,350,11560900
20221118,09:47:47,18353.00,350,11560900
20221118,09:47:49,18353.00,100,11560900
20221118,09:47:50,18353.15,300,11560900
20221118,09:47:51,18354.90,50,11560900
20221118,09:47:52,18354.90,200,11560900
20221118,09:47:53,18354.90,50,11560900
20221118,09:47:55,18353.00,200,11560900
20221118,09:47:56,18354.15,150,11560900
20221118,09:47:57,18353.90,50,11560900
20221118,09:47:58,18353.95,200,11560900
20221118,09:48:01,18354.25,250,11560900
20221118,09:48:02,18353.70,250,11560900
20221118,09:48:04,18352.00,50,11560900
20221118,09:48:05,18353.95,600,11560900
20221118,09:48:06,18352.95,50,11560900
20221118,09:48:07,18353.35,600,11560900
20221118,09:48:12,18351.00,550,11560900
20221118,09:48:15,18351.00,200,11560900
20221118,09:48:17,18351.05,50,11560900
20221118,09:48:18,18351.00,200,11560900
20221118,09:48:23,18351.00,100,11560900
20221118,09:48:26,18351.00,50,11560900
20221118,09:48:28,18351.00,150,11560900
20221118,09:48:29,18352.95,100,11560900
20221118,09:48:32,18351.00,50,11560900
20221118,09:48:33,18350.25,1000,11560900
20221118,09:48:34,18351.50,200,11560900
20221118,09:48:35,18348.00,2500,11560900
20221118,09:48:37,18350.05,400,11560900
20221118,09:48:38,18348.00,300,11560900
20221118,09:48:39,18349.80,50,11560900
20221118,09:48:40,18348.00,300,11560900
20221118,09:48:41,18349.10,200,11560900
20221118,09:48:44,18348.80,450,11560900
20221118,09:48:45,18345.65,300,11560900
20221118,09:48:46,18345.05,200,11560900
20221118,09:48:47,18346.00,400,11560900
20221118,09:48:48,18345.00,150,11560900
20221118,09:48:49,18344.00,350,11560900
20221118,09:48:50,18344.50,100,11560900
20221118,09:48:51,18343.50,150,11560900
20221118,09:48:52,18343.65,200,11560900
20221118,09:48:53,18344.30,150,11560900
20221118,09:48:55,18345.05,200,11560900
20221118,09:48:56,18344.35,950,11560900
20221118,09:48:56,18344.20,1250,11560900
20221118,09:48:57,18345.00,550,11560900
20221118,09:48:58,18344.95,300,11560900
20221118,09:49:00,18349.00,600,11560900
20221118,09:49:01,18346.40,300,11560900
20221118,09:49:02,18346.00,450,11560900
20221118,09:49:03,18346.05,100,11560900
20221118,09:49:05,18349.60,150,11560900
20221118,09:49:06,18346.40,550,11560900
20221118,09:49:07,18347.15,150,11560900
20221118,09:49:08,18346.30,350,11560900
20221118,09:49:10,18349.95,350,11560900
20221118,09:49:11,18348.25,50,11560900
20221118,09:49:12,18348.80,50,11560900
20221118,09:49:13,18350.00,100,11560900
20221118,09:49:16,18348.65,2300,11560900
20221118,09:49:17,18350.10,500,11560900
20221118,09:49:18,18349.10,150,11560900
20221118,09:49:20,18349.10,50,11560900
20221118,09:49:21,18351.00,100,11560900
20221118,09:49:22,18349.30,150,11560900
20221118,09:49:25,18349.30,100,11560900
20221118,09:49:26,18350.00,100,11560900
20221118,09:49:27,18350.75,650,11560900
20221118,09:49:28,18349.30,100,11560900
20221118,09:49:30,18350.25,350,11560900
20221118,09:49:31,18350.85,500,11560900
20221118,09:49:32,18350.85,350,11560900
20221118,09:49:32,18350.00,300,11560900
20221118,09:49:36,18350.90,500,11560900
20221118,09:49:37,18351.00,50,11560900
20221118,09:49:38,18352.70,600,11560900
20221118,09:49:40,18351.30,350,11560900
20221118,09:49:41,18353.40,50,11560900
20221118,09:49:42,18350.85,50,11560900
20221118,09:49:42,18350.25,50,11560900
20221118,09:49:43,18352.55,100,11560900
20221118,09:49:46,18353.00,450,11560900
20221118,09:49:51,18353.00,300,11560900
20221118,09:49:52,18354.00,100,11560900
20221118,09:49:53,18354.80,200,11560900
20221118,09:49:53,18354.00,50,11560900
20221118,09:49:54,18353.05,50,11560900
20221118,09:49:55,18354.95,50,11560900
20221118,09:49:57,18354.00,50,11560900
20221118,09:49:58,18354.95,150,11560900
20221118,09:49:59,18354.95,50,11560900
20221118,09:50:01,18353.95,150,11560900
20221118,09:50:05,18352.00,400,11560900
20221118,09:50:06,18351.00,250,11560900
20221118,09:50:08,18351.90,100,11560900
20221118,09:50:09,18351.90,100,11560900
20221118,09:50:10,18351.90,300,11560900
20221118,09:50:13,18352.00,100,11560900
20221118,09:50:14,18351.90,200,11560900
20221118,09:50:15,18351.90,100,11560900
20221118,09:50:16,18350.05,100,11560900
20221118,09:50:17,18350.30,150,11560900
20221118,09:50:20,18350.65,50,11560900
20221118,09:50:21,18352.00,400,11560900
20221118,09:50:22,18353.60,100,11560900
20221118,09:50:23,18353.15,100,11560900
20221118,09:50:24,18353.00,100,11560900
20221118,09:50:25,18354.00,300,11560900
20221118,09:50:29,18354.00,300,11560900
20221118,09:50:30,18354.75,100,11565300
20221118,09:50:31,18354.75,100,11565300
20221118,09:50:35,18354.00,50,11565300
20221118,09:50:36,18353.90,150,11565300
20221118,09:50:37,18354.65,50,11565300
20221118,09:50:37,18354.00,150,11565300
20221118,09:50:38,18352.00,500,11565300
20221118,09:50:40,18351.95,400,11565300
20221118,09:50:41,18352.70,200,11565300
20221118,09:50:42,18350.55,50,11565300
20221118,09:50:45,18352.40,100,11565300
20221118,09:50:46,18350.50,50,11565300
20221118,09:50:47,18350.80,50,11565300
20221118,09:50:48,18350.30,100,11565300
20221118,09:50:50,18350.35,100,11565300
20221118,09:50:51,18350.25,150,11565300
20221118,09:50:52,18352.25,100,11565300
20221118,09:50:54,18351.75,150,11565300
20221118,09:50:56,18350.10,100,11565300
20221118,09:50:57,18351.45,50,11565300
20221118,09:51:02,18351.30,800,11565300
20221118,09:51:04,18352.30,50,11565300
20221118,09:51:05,18352.90,100,11565300
20221118,09:51:06,18351.70,150,11565300
20221118,09:51:07,18353.00,50,11565300
20221118,09:51:09,18353.00,100,11565300
20221118,09:51:10,18352.15,200,11565300
20221118,09:51:12,18353.35,300,11565300
20221118,09:51:14,18353.30,200,11565300
20221118,09:51:15,18353.30,150,11565300
20221118,09:51:16,18354.70,550,11565300
20221118,09:51:16,18355.00,150,11565300
20221118,09:51:17,18352.95,1050,11565300
20221118,09:51:19,18354.90,150,11565300
20221118,09:51:21,18356.70,500,11565300
20221118,09:51:23,18357.10,50,11565300
20221118,09:51:26,18356.70,200,11565300
20221118,09:51:27,18358.00,100,11565300
20221118,09:51:27,18358.00,50,11565300
20221118,09:51:28,18357.35,250,11565300
20221118,09:51:29,18355.65,100,11565300
20221118,09:51:31,18357.90,300,11565300
20221118,09:51:32,18357.20,550,11565300
20221118,09:51:33,18357.45,150,11565300
20221118,09:51:36,18355.40,450,11565300
20221118,09:51:37,18358.15,100,11565300
20221118,09:51:38,18356.20,100,11565300
20221118,09:51:38,18358.00,1000,11565300
20221118,09:51:39,18355.05,700,11565300
20221118,09:51:40,18355.15,150,11565300
20221118,09:51:42,18355.65,50,11565300
20221118,09:51:43,18356.00,300,11565300
20221118,09:51:44,18356.95,100,11565300
20221118,09:51:45,18356.95,150,11565300
20221118,09:51:47,18358.00,900,11565300
20221118,09:51:48,18358.20,500,11565300
20221118,09:51:51,18358.10,500,11565300
20221118,09:51:52,18359.00,550,11565300
20221118,09:51:53,18360.00,200,11565300
20221118,09:51:54,18360.00,100,11565300
20221118,09:51:56,18359.00,200,11565300
20221118,09:51:58,18360.00,50,11565300
20221118,09:51:59,18360.00,100,11565300
20221118,09:52:01,18360.00,100,11565300
20221118,09:52:01,18359.20,1500,11565300
20221118,09:52:02,18359.00,100,11565300
20221118,09:52:03,18357.05,250,11565300
20221118,09:52:04,18359.80,550,11565300
20221118,09:52:05,18358.05,300,11565300
20221118,09:52:06,18359.85,100,11565300
20221118,09:52:09,18357.55,500,11565300
20221118,09:52:10,18359.55,400,11565300
20221118,09:52:11,18359.60,100,11565300
20221118,09:52:12,18357.00,150,11565300
20221118,09:52:13,18357.55,50,11565300
20221118,09:52:15,18359.15,450,11565300
20221118,09:52:17,18356.00,700,11565300
20221118,09:52:18,18357.90,100,11565300
20221118,09:52:19,18355.55,150,11565300
20221118,09:52:22,18355.55,350,11565300
20221118,09:52:23,18355.15,50,11565300
20221118,09:52:24,18355.55,50,11565300
20221118,09:52:25,18356.00,250,11565300
20221118,09:52:26,18356.85,50,11565300
20221118,09:52:29,18355.55,100,11565300
20221118,09:52:30,18355.15,150,11565300
20221118,09:52:32,18355.15,100,11565300
20221118,09:52:35,18355.05,200,11565300
20221118,09:52:36,18355.00,200,11565300
20221118,09:52:37,18354.00,3100,11565300
20221118,09:52:38,18354.55,150,11565300
20221118,09:52:39,18353.10,100,11565300
20221118,09:52:41,18353.10,150,11565300
20221118,09:52:42,18351.05,300,11565300
20221118,09:52:43,18351.00,100,11565300
20221118,09:52:44,18350.00,250,11565300
20221118,09:52:46,18352.15,100,11565300
20221118,09:52:47,18352.25,150,11565300
20221118,09:52:48,18350.75,100,11565300
20221118,09:52:49,18350.80,50,11565300
20221118,09:52:53,18351.95,250,11565300
20221118,09:52:54,18350.00,1250,11565300
20221118,09:52:57,18349.85,1700,11565300
20221118,09:52:58,18351.75,50,11565300
20221118,09:52:59,18349.55,100,11565300
20221118,09:53:01,18349.55,100,11565300
20221118,09:53:02,18349.55,350,11565300
20221118,09:53:03,18349.30,300,11565300
20221118,09:53:04,18348.05,50,11565300
20221118,09:53:05,18349.40,100,11565300
20221118,09:53:06,18348.05,50,11565300
20221118,09:53:09,18348.05,150,11565300
20221118,09:53:10,18348.05,100,11565300
20221118,09:53:11,18346.75,800,11565300
20221118,09:53:12,18347.55,150,11565300
20221118,09:53:13,18345.25,150,11565300
20221118,09:53:14,18346.10,150,11565300
20221118,09:53:17,18346.70,200,11565300
20221118,09:53:18,18348.05,100,11565300
20221118,09:53:19,18347.30,100,11565300
20221118,09:53:21,18347.30,200,11565300
20221118,09:53:22,18345.90,100,11565300
20221118,09:53:23,18347.35,250,11565300
20221118,09:53:24,18347.25,100,11565300
20221118,09:53:26,18347.35,50,11565300
20221118,09:53:28,18346.30,350,11565300
20221118,09:53:30,18345.00,550,11572850
20221118,09:53:32,18346.15,100,11572850
20221118,09:53:33,18345.00,100,11572850
20221118,09:53:34,18345.70,150,11572850
20221118,09:53:35,18345.00,400,11572850
20221118,09:53:36,18344.30,350,11572850
20221118,09:53:36,18345.40,550,11572850
20221118,09:53:37,18345.00,50,11572850
20221118,09:53:39,18344.55,50,11572850
20221118,09:53:40,18344.40,250,11572850
20221118,09:53:41,18345.40,100,11572850
20221118,09:53:42,18345.15,400,11572850
20221118,09:53:43,18345.40,300,11572850
20221118,09:53:43,18346.30,50,11572850
20221118,09:53:45,18347.15,500,11572850
20221118,09:53:46,18346.50,150,11572850
20221118,09:53:47,18346.50,50,11572850
20221118,09:53:49,18346.00,50,11572850
20221118,09:53:50,18346.00,250,11572850
20221118,09:53:50,18345.85,50,11572850
20221118,09:53:51,18346.80,450,11572850
20221118,09:53:53,18344.80,300,11572850
20221118,09:53:54,18347.00,400,11572850
20221118,09:53:55,18346.95,450,11572850
20221118,09:53:57,18346.75,50,11572850
20221118,09:53:58,18346.05,150,11572850
20221118,09:53:59,18346.80,100,11572850
20221118,09:54:00,18347.60,400,11572850
20221118,09:54:02,18346.95,600,11572850
20221118,09:54:03,18348.05,100,11572850
20221118,09:54:04,18347.10,2600,11572850
20221118,09:54:05,18347.20,200,11572850
20221118,09:54:06,18346.90,800,11572850
20221118,09:54:08,18346.80,850,11572850
20221118,09:54:09,18347.00,250,11572850
20221118,09:54:10,18346.40,200,11572850
20221118,09:54:11,18347.10,200,11572850
20221118,09:54:12,18347.40,200,11572850
20221118,09:54:13,18346.90,450,11572850
20221118,09:54:14,18346.85,100,11572850
20221118,09:54:15,18345.00,450,11572850
20221118,09:54:17,18347.00,500,11572850
20221118,09:54:18,18346.35,200,11572850
20221118,09:54:19,18345.35,150,11572850
20221118,09:54:20,18345.85,200,11572850
20221118,09:54:22,18346.15,100,11572850
20221118,09:54:23,18345.85,800,11572850
20221118,09:54:24,18345.60,100,11572850
20221118,09:54:25,18345.40,150,11572850
20221118,09:54:26,18345.00,450,11572850
20221118,09:54:27,18346.60,100,11572850
20221118,09:54:28,18345.00,50,11572850
20221118,09:54:29,18345.95,100,11572850
20221118,09:54:30,18344.30,150,11572850
20221118,09:54:32,18344.25,400,11572850
20221118,09:54:34,18346.00,400,11572850
20221118,09:54:35,18346.30,550,11572850
20221118,09:54:36,18345.45,850,11572850
20221118,09:54:38,18344.65,150,11572850
20221118,09:54:39,18344.45,250,11572850
20221118,09:54:41,18345.00,100,11572850
20221118,09:54:42,18344.45,450,11572850
20221118,09:54:43,18344.65,300,11572850
20221118,09:54:44,18344.30,250,11572850
20221118,09:54:45,18344.60,50,11572850
20221118,09:54:47,18345.45,150,11572850
20221118,09:54:48,18344.20,150,11572850
20221118,09:54:49,18344.55,150,11572850
20221118,09:54:50,18344.10,50,11572850
20221118,09:54:51,18345.50,750,11572850
20221118,09:54:52,18345.00,50,11572850
20221118,09:54:54,18344.25,100,11572850
20221118,09:54:55,18344.30,100,11572850
20221118,09:54:56,18344.30,50,11572850
20221118,09:54:57,18345.00,50,11572850
20221118,09:54:58,18342.60,2650,11572850
20221118,09:54:59,18342.30,850,11572850
20221118,09:55:00,18342.10,1150,11572850
20221118,09:55:01,18341.40,250,11572850
20221118,09:55:02,18339.20,8700,11572850
20221118,09:55:03,18341.25,1900,11572850
20221118,09:55:04,18341.00,400,11572850
20221118,09:55:05,18340.40,650,11572850
20221118,09:55:07,18341.25,550,11572850
20221118,09:55:08,18340.00,200,11572850
20221118,09:55:09,18340.30,1300,11572850
20221118,09:55:10,18339.10,1200,11572850
20221118,09:55:11,18340.20,100,11572850
20221118,09:55:12,18340.10,250,11572850
20221118,09:55:13,18340.05,900,11572850
20221118,09:55:14,18343.00,1700,11572850
20221118,09:55:15,18341.00,350,11572850
20221118,09:55:16,18342.40,250,11572850
20221118,09:55:18,18340.65,300,11572850
20221118,09:55:19,18341.20,400,11572850
20221118,09:55:20,18342.00,600,11572850
20221118,09:55:21,18341.25,50,11572850
20221118,09:55:22,18342.00,400,11572850
20221118,09:55:24,18342.00,600,11572850
20221118,09:55:25,18341.10,300,11572850
20221118,09:55:26,18342.00,350,11572850
20221118,09:55:27,18342.00,600,11572850
20221118,09:55:28,18341.80,950,11572850
20221118,09:55:30,18340.00,400,11572850
20221118,09:55:31,18337.80,3200,11572850
20221118,09:55:32,18336.00,1550,11572850
20221118,09:55:33,18337.95,450,11572850
20221118,09:55:34,18338.25,250,11572850
20221118,09:55:35,18338.35,50,11572850
20221118,09:55:36,18336.90,550,11572850
20221118,09:55:37,18337.55,650,11572850
20221118,09:55:38,18337.85,350,11572850
20221118,09:55:39,18337.70,900,11572850
20221118,09:55:40,18337.60,250,11572850
20221118,09:55:42,18337.50,350,11572850
20221118,09:55:43,18337.25,1750,11572850
20221118,09:55:44,18337.00,200,11572850
20221118,09:55:45,18336.20,150,11572850
20221118,09:55:47,18337.70,100,11572850
20221118,09:55:48,18336.00,900,11572850
20221118,09:55:49,18336.50,250,11572850
20221118,09:55:50,18336.15,750,11572850
20221118,09:55:51,18336.00,650,11572850
20221118,09:55:52,18337.55,50,11572850
20221118,09:55:53,18335.80,600,11572850
20221118,09:55:54,18335.80,1500,11572850
20221118,09:55:55,18336.85,200,11572850
20221118,09:55:56,18338.35,350,11572850
20221118,09:55:57,18338.60,1250,11572850
20221118,09:55:59,18338.00,150,11572850
20221118,09:56:00,18338.30,500,11572850
20221118,09:56:01,18338.85,300,11572850
20221118,09:56:02,18337.70,1250,11572850
20221118,09:56:03,18339.10,2000,11572850
20221118,09:56:04,18338.60,550,11572850
20221118,09:56:06,18338.40,300,11572850
20221118,09:56:07,18339.00,300,11572850
20221118,09:56:09,18340.00,600,11572850
20221118,09:56:10,18339.85,100,11572850
20221118,09:56:11,18339.75,1300,11572850
20221118,09:56:12,18340.00,100,11572850
20221118,09:56:14,18338.65,250,11572850
20221118,09:56:15,18340.00,200,11572850
20221118,09:56:16,18339.70,700,11572850
20221118,09:56:17,18339.25,200,11572850
20221118,09:56:19,18341.30,100,11572850
20221118,09:56:20,18339.95,300,11572850
20221118,09:56:21,18341.35,50,11572850
20221118,09:56:22,18340.00,200,11572850
20221118,09:56:24,18341.25,500,11572850
20221118,09:56:25,18341.00,50,11572850
20221118,09:56:26,18340.00,300,11572850
20221118,09:56:27,18341.30,150,11572850
20221118,09:56:29,18340.10,150,11572850
20221118,09:56:31,18341.35,650,11572850
20221118,09:56:32,18340.35,900,11550800
20221118,09:56:33,18341.05,100,11550800
20221118,09:56:34,18342.65,300,11550800
20221118,09:56:36,18341.60,100,11550800
20221118,09:56:37,18342.00,650,11550800
20221118,09:56:38,18342.05,100,11550800
20221118,09:56:39,18342.40,250,11550800
20221118,09:56:41,18342.05,450,11550800
20221118,09:56:42,18341.70,850,11550800
20221118,09:56:43,18341.70,200,11550800
20221118,09:56:44,18342.90,550,11550800
20221118,09:56:45,18342.10,50,11550800
20221118,09:56:46,18342.90,100,11550800
20221118,09:56:47,18343.00,200,11550800
20221118,09:56:49,18343.00,600,11550800
20221118,09:56:49,18344.20,1600,11550800
20221118,09:56:50,18344.25,200,11550800
20221118,09:56:51,18344.30,500,11550800
20221118,09:56:52,18343.90,100,11550800
20221118,09:56:53,18344.40,150,11550800
20221118,09:56:54,18343.40,50,11550800
20221118,09:56:55,18343.30,150,11550800
20221118,09:56:56,18344.00,1600,11550800
20221118,09:56:57,18342.00,550,11550800
20221118,09:56:58,18343.70,50,11550800
20221118,09:56:59,18342.00,350,11550800
20221118,09:57:00,18341.20,500,11550800
20221118,09:57:01,18342.70,800,11550800
20221118,09:57:02,18341.20,300,11550800
20221118,09:57:03,18340.05,600,11550800
20221118,09:57:05,18341.50,250,11550800
20221118,09:57:05,18340.20,800,11550800
20221118,09:57:06,18340.15,150,11550800
20221118,09:57:08,18340.95,100,11550800
20221118,09:57:09,18340.75,50,11550800
20221118,09:57:10,18340.85,1500,11550800
20221118,09:57:11,18341.20,150,11550800
20221118,09:57:12,18341.55,100,11550800
20221118,09:57:13,18341.55,250,11550800
20221118,09:57:14,18341.80,450,11550800
20221118,09:57:15,18340.40,200,11550800
20221118,09:57:17,18342.00,250,11550800
20221118,09:57:20,18342.00,50,11550800
20221118,09:57:21,18340.55,100,11550800
20221118,09:57:22,18341.95,550,11550800
20221118,09:57:25,18340.40,200,11550800
20221118,09:57:25,18340.15,50,11550800
20221118,09:57:26,18340.50,50,11550800
20221118,09:57:27,18339.00,1600,11550800
20221118,09:57:28,18340.60,250,11550800
20221118,09:57:30,18339.60,300,11550800
20221118,09:57:31,18339.90,50,11550800
20221118,09:57:32,18338.60,200,11550800
20221118,09:57:33,18338.60,50,11550800
20221118,09:57:35,18338.60,100,11550800
20221118,09:57:35,18338.50,1450,11550800
20221118,09:57:36,18339.00,50,11550800
20221118,09:57:37,18337.70,600,11550800
20221118,09:57:38,18337.95,1100,11550800
20221118,09:57:39,18336.85,1100,11550800
20221118,09:57:41,18336.00,400,11550800
20221118,09:57:42,18336.00,5150,11550800
20221118,09:57:43,18335.60,650,11550800
20221118,09:57:44,18333.65,11950,11550800
20221118,09:57:45,18335.00,100,11550800
20221118,09:57:47,18334.45,200,11550800
20221118,09:57:47,18334.45,150,11550800
20221118,09:57:48,18335.00,350,11550800
20221118,09:57:49,18336.90,400,11550800
20221118,09:57:50,18335.40,300,11550800
20221118,09:57:52,18335.40,400,11550800
20221118,09:57:53,18335.05,150,11550800
20221118,09:57:54,18336.65,400,11550800
20221118,09:57:55,18337.00,200,11550800
20221118,09:57:56,18336.90,300,11550800
20221118,09:57:57,18337.35,50,11550800
20221118,09:58:00,18336.75,50,11550800
20221118,09:58:01,18336.25,50,11550800
20221118,09:58:02,18336.05,100,11550800
20221118,09:58:03,18336.25,400,11550800
20221118,09:58:04,18336.50,200,11550800
20221118,09:58:05,18338.00,700,11550800
20221118,09:58:06,18336.65,50,11550800
20221118,09:58:07,18337.00,50,11550800
20221118,09:58:10,18337.95,100,11550800
20221118,09:58:11,18338.05,150,11550800
20221118,09:58:12,18338.05,150,11550800
20221118,09:58:13,18337.35,250,11550800
20221118,09:58:14,18337.35,100,11550800
20221118,09:58:15,18337.00,500,11550800
20221118,09:58:17,18337.00,350,11550800
20221118,09:58:17,18337.00,150,11550800
20221118,09:58:18,18336.25,50,11550800
20221118,09:58:19,18337.30,150,11550800
20221118,09:58:20,18336.25,150,11550800
20221118,09:58:21,18335.00,850,11550800
20221118,09:58:22,18335.00,350,11550800
20221118,09:58:23,18335.55,300,11550800
20221118,09:58:24,18334.70,400,11550800
20221118,09:58:25,18336.45,50,11550800
20221118,09:58:26,18336.45,50,11550800
20221118,09:58:27,18334.75,100,11550800
20221118,09:58:28,18336.05,250,11550800
20221118,09:58:29,18334.60,250,11550800
20221118,09:58:31,18335.00,150,11550800
20221118,09:58:32,18336.00,50,11550800
20221118,09:58:33,18335.30,1050,11550800
20221118,09:58:34,18336.00,150,11550800
20221118,09:58:35,18336.25,300,11550800
20221118,09:58:36,18336.55,100,11550800
20221118,09:58:37,18336.55,50,11550800
20221118,09:58:38,18336.00,200,11550800
20221118,09:58:39,18335.40,150,11550800
20221118,09:58:40,18335.45,350,11550800
20221118,09:58:42,18335.60,50,11550800
20221118,09:58:43,18336.00,200,11550800
20221118,09:58:43,18335.75,100,11550800
20221118,09:58:44,18337.35,900,11550800
20221118,09:58:45,18337.30,100,11550800
20221118,09:58:46,18336.10,950,11550800
20221118,09:58:48,18336.90,100,11550800
20221118,09:58:49,18336.95,200,11550800
20221118,09:58:50,18338.55,1900,11550800
20221118,09:58:52,18336.55,800,11550800
20221118,09:58:53,18336.60,100,11550800
20221118,09:58:53,18336.55,1850,11550800
20221118,09:58:55,18336.80,50,11550800
20221118,09:58:57,18339.50,550,11550800
20221118,09:58:59,18338.55,100,11550800
20221118,09:59:00,18337.90,100,11550800
20221118,09:59:00,18338.85,200,11550800
20221118,09:59:01,18338.70,100,11550800
20221118,09:59:02,18336.80,250,11550800
20221118,09:59:03,18336.05,750,11550800
20221118,09:59:06,18336.00,150,11550800
20221118,09:59:07,18337.00,550,11550800
20221118,09:59:08,18336.00,100,11550800
20221118,09:59:09,18336.00,250,11550800
20221118,09:59:10,18336.00,550,11550800
20221118,09:59:11,18336.50,350,11550800
20221118,09:59:13,18336.50,50,11550800
20221118,09:59:14,18336.25,300,11550800
20221118,09:59:14,18336.10,100,11550800
20221118,09:59:15,18335.55,300,11550800
20221118,09:59:16,18335.45,200,11550800
20221118,09:59:17,18335.20,50,11550800
20221118,09:59:19,18336.25,150,11550800
20221118,09:59:20,18336.00,200,11550800
20221118,09:59:21,18336.00,150,11550800
20221118,09:59:22,18335.05,250,11550800
20221118,09:59:24,18335.75,50,11550800
20221118,09:59:25,18335.00,550,11550800
20221118,09:59:25,18334.00,100,11550800
20221118,09:59:26,18334.40,100,11550800
20221118,09:59:27,18334.75,100,11550800
20221118,09:59:29,18332.90,2050,11550800
20221118,09:59:30,18332.90,400,11550800
20221118,09:59:31,18332.85,1650,11550800
20221118,09:59:32,18334.55,400,11539800
20221118,09:59:32,18332.95,50,11539800
20221118,09:59:33,18333.40,150,11539800
20221118,09:59:36,18333.60,450,11539800
20221118,09:59:37,18334.70,1500,11539800
20221118,09:59:38,18335.00,50,11539800
20221118,09:59:39,18334.55,100,11539800
20221118,09:59:40,18335.00,700,11539800
20221118,09:59:42,18335.00,50,11539800
20221118,09:59:43,18334.25,250,11539800
20221118,09:59:43,18334.25,200,11539800
20221118,09:59:44,18335.20,350,11539800
20221118,09:59:45,18334.70,100,11539800
20221118,09:59:47,18334.70,200,11539800
20221118,09:59:48,18334.35,650,11539800
20221118,09:59:49,18334.70,950,11539800
20221118,09:59:50,18335.30,1500,11539800
20221118,09:59:52,18337.00,1700,11539800
20221118,09:59:53,18336.95,100,11539800
20221118,09:59:54,18336.20,500,11539800
20221118,09:59:55,18336.25,100,11539800
20221118,09:59:56,18337.70,150,11539800
20221118,09:59:58,18337.85,200,11539800
20221118,09:59:59,18336.85,600,11539800
20221118,09:59:59,18336.20,200,11539800
20221118,10:00:00,18336.60,350,11539800
20221118,10:00:01,18337.75,350,11539800
20221118,10:00:02,18336.00,200,11539800
20221118,10:00:03,18334.70,8050,11539800
20221118,10:00:04,18336.10,1350,11539800
20221118,10:00:05,18335.35,450,11539800
20221118,10:00:06,18337.00,100,11539800
20221118,10:00:08,18337.00,200,11539800
20221118,10:00:09,18337.55,400,11539800
20221118,10:00:10,18337.10,100,11539800
20221118,10:00:10,18337.65,100,11539800
20221118,10:00:11,18338.00,400,11539800
20221118,10:00:12,18337.85,700,11539800
20221118,10:00:14,18337.55,250,11539800
20221118,10:00:15,18338.00,100,11539800
20221118,10:00:16,18338.30,100,11539800
20221118,10:00:16,18338.20,50,11539800
20221118,10:00:17,18337.90,250,11539800
20221118,10:00:18,18337.95,150,11539800
20221118,10:00:19,18337.10,350,11539800
20221118,10:00:21,18337.00,100,11539800
20221118,10:00:22,18336.65,350,11539800
20221118,10:00:22,18336.65,50,11539800
20221118,10:00:23,18337.40,200,11539800
20221118,10:00:24,18337.10,1150,11539800
20221118,10:00:26,18338.40,1200,11539800
20221118,10:00:27,18337.80,1250,11539800
20221118,10:00:27,18338.85,300,11539800
20221118,10:00:28,18338.60,100,11539800
20221118,10:00:29,18339.35,700,11539800
20221118,10:00:30,18338.90,250,11539800
20221118,10:00:31,18337.95,50,11539800
20221118,10:00:33,18337.05,250,11539800
20221118,10:00:34,18336.00,100,11539800
20221118,10:00:35,18335.05,100,11539800
20221118,10:00:36,18335.00,200,11539800
20221118,10:00:37,18335.10,950,11539800
20221118,10:00:39,18336.00,550,11539800
20221118,10:00:40,18336.60,450,11539800
20221118,10:00:41,18335.25,400,11539800
20221118,10:00:42,18335.00,2500,11539800
20221118,10:00:43,18335.00,950,11539800
20221118,10:00:45,18336.00,100,11539800
20221118,10:00:46,18335.70,600,11539800
20221118,10:00:47,18335.65,50,11539800
20221118,10:00:48,18335.70,450,11539800
20221118,10:00:49,18335.15,700,11539800
20221118,10:00:51,18336.00,150,11539800
20221118,10:00:52,18335.55,300,11539800
20221118,10:00:53,18335.95,200,11539800
20221118,10:00:54,18335.95,100,11539800
20221118,10:00:56,18335.85,1150,11539800
20221118,10:00:57,18335.95,50,11539800
20221118,10:00:58,18335.65,300,11539800
20221118,10:00:59,18336.00,100,11539800
20221118,10:01:00,18335.85,300,11539800
20221118,10:01:02,18335.50,150,11539800
20221118,10:01:03,18335.15,1200,11539800
20221118,10:01:04,18335.00,200,11539800
20221118,10:01:05,18334.85,250,11539800
20221118,10:01:06,18335.75,150,11539800
20221118,10:01:07,18335.95,7800,11539800
20221118,10:01:08,18335.80,150,11539800
20221118,10:01:09,18336.10,150,11539800
20221118,10:01:10,18336.75,300,11539800
20221118,10:01:11,18337.00,400,11539800
20221118,10:01:12,18338.15,350,11539800
20221118,10:01:13,18336.45,200,11539800
20221118,10:01:14,18336.40,100,11539800
20221118,10:01:15,18335.95,350,11539800
20221118,10:01:16,18335.00,550,11539800
20221118,10:01:17,18336.35,50,11539800
20221118,10:01:19,18336.95,550,11539800
20221118,10:01:20,18337.85,450,11539800
20221118,10:01:21,18338.00,200,11539800
20221118,10:01:23,18337.70,150,11539800
20221118,10:01:24,18338.00,300,11539800
20221118,10:01:25,18339.55,250,11539800
20221118,10:01:25,18339.25,50,11539800
20221118,10:01:26,18338.90,650,11539800
20221118,10:01:27,18338.75,400,11539800
20221118,10:01:29,18338.70,1450,11539800
20221118,10:01:30,18339.45,650,11539800
20221118,10:01:31,18338.80,200,11539800
20221118,10:01:32,18337.05,1800,11539800
20221118,10:01:34,18337.50,150,11539800
20221118,10:01:35,18337.55,150,11539800
20221118,10:01:36,18337.50,50,11539800
20221118,10:01:37,18338.50,250,11539800
20221118,10:01:38,18337.75,200,11539800
20221118,10:01:39,18338.60,150,11539800
20221118,10:01:40,18338.60,200,11539800
20221118,10:01:42,18337.40,550,11539800
20221118,10:01:43,18337.25,350,11539800
20221118,10:01:44,18337.15,150,11539800
20221118,10:01:45,18336.30,1900,11539800
20221118,10:01:46,18337.15,150,11539800
20221118,10:01:48,18336.95,550,11539800
20221118,10:01:49,18336.00,250,11539800
20221118,10:01:50,18336.00,50,11539800
20221118,10:01:51,18336.90,150,11539800
20221118,10:01:53,18335.40,150,11539800
20221118,10:01:53,18335.50,50,11539800
20221118,10:01:55,18335.50,100,11539800
20221118,10:01:56,18335.60,550,11539800
20221118,10:01:57,18334.20,4300,11539800
20221118,10:01:57,18334.00,3800,11539800
20221118,10:01:58,18334.05,450,11539800
20221118,10:01:59,18334.15,150,11539800
20221118,10:02:00,18334.00,2200,11539800
20221118,10:02:01,18331.30,4150,11539800
20221118,10:02:02,18331.00,600,11539800
20221118,10:02:03,18331.00,200,11539800
20221118,10:02:04,18330.15,1200,11539800
20221118,10:02:06,18330.05,350,11539800
20221118,10:02:07,18330.05,350,11539800
20221118,10:02:08,18331.30,300,11539800
20221118,10:02:08,18330.90,50,11539800
20221118,10:02:09,18332.50,500,11539800
20221118,10:02:11,18330.90,1400,11539800
20221118,10:02:12,18331.90,100,11539800
20221118,10:02:13,18331.00,300,11539800
20221118,10:02:14,18331.00,300,11539800
20221118,10:02:15,18331.00,550,11539800
20221118,10:02:16,18330.80,350,11539800
20221118,10:02:16,18330.10,150,11539800
20221118,10:02:17,18328.65,19800,11539800
20221118,10:02:18,18329.25,1450,11539800
20221118,10:02:20,18329.35,100,11539800
20221118,10:02:21,18329.85,550,11539800
20221118,10:02:22,18330.80,200,11539800
20221118,10:02:22,18331.40,50,11539800
20221118,10:02:23,18330.20,550,11539800
20221118,10:02:25,18331.35,650,11539800
20221118,10:02:26,18331.30,150,11539800
20221118,10:02:27,18331.35,1100,11539800
20221118,10:02:28,18330.30,100,11539800
20221118,10:02:28,18330.95,100,11539800
20221118,10:02:29,18330.40,100,11539800
20221118,10:02:30,18330.20,100,11539800
20221118,10:02:32,18330.80,150,11539800
20221118,10:02:33,18330.45,200,11496300
20221118,10:02:34,18330.95,50,11496300
20221118,10:02:34,18330.20,100,11496300
20221118,10:02:35,18330.20,300,11496300
20221118,10:02:37,18330.10,2150,11496300
20221118,10:02:38,18333.00,3150,11496300
20221118,10:02:39,18332.35,1050,11496300
20221118,10:02:40,18332.75,100,11496300
20221118,10:02:42,18332.55,200,11496300
20221118,10:02:43,18333.45,400,11496300
20221118,10:02:45,18332.30,100,11496300
20221118,10:02:46,18332.75,150,11496300
20221118,10:02:47,18332.80,250,11496300
20221118,10:02:48,18332.35,200,11496300
20221118,10:02:49,18332.10,750,11496300
20221118,10:02:51,18331.65,2050,11496300
20221118,10:02:53,18331.80,3400,11496300
20221118,10:02:53,18331.75,300,11496300
20221118,10:02:54,18331.80,200,11496300
20221118,10:02:55,18332.05,250,11496300
20221118,10:02:57,18331.50,450,11496300
20221118,10:02:58,18331.10,100,11496300
20221118,10:02:59,18332.60,100,11496300
20221118,10:03:00,18332.25,100,11496300
20221118,10:03:02,18331.00,550,11496300
20221118,10:03:03,18331.00,50,11496300
20221118,10:03:03,18331.00,100,11496300
20221118,10:03:04,18331.30,50,11496300
20221118,10:03:05,18330.20,250,11496300
20221118,10:03:06,18330.00,750,11496300
20221118,10:03:07,18331.25,500,11496300
20221118,10:03:08,18329.75,100,11496300
20221118,10:03:09,18330.95,50,11496300
20221118,10:03:10,18331.00,400,11496300
20221118,10:03:11,18333.45,350,11496300
20221118,10:03:13,18331.00,200,11496300
20221118,10:03:14,18333.10,50,11496300
20221118,10:03:15,18331.00,200,11496300
20221118,10:03:16,18333.15,100,11496300
20221118,10:03:17,18332.80,450,11496300
20221118,10:03:18,18332.00,450,11496300
20221118,10:03:20,18332.90,250,11496300
20221118,10:03:21,18332.80,150,11496300
20221118,10:03:23,18333.00,250,11496300
20221118,10:03:24,18333.00,400,11496300
20221118,10:03:25,18333.65,100,11496300
20221118,10:03:26,18334.00,500,11496300
20221118,10:03:27,18333.95,150,11496300
20221118,10:03:28,18337.25,1450,11496300
20221118,10:03:30,18336.35,150,11496300
20221118,10:03:32,18337.50,200,11496300
20221118,10:03:33,18337.25,100,11496300
20221118,10:03:34,18337.50,150,11496300
20221118,10:03:35,18335.05,300,11496300
20221118,10:03:36,18336.70,250,11496300
20221118,10:03:36,18336.65,50,11496300
20221118,10:03:38,18335.65,50,11496300
20221118,10:03:39,18336.05,150,11496300
20221118,10:03:40,18335.80,400,11496300
20221118,10:03:41,18336.25,350,11496300
20221118,10:03:42,18336.65,50,11496300
20221118,10:03:43,18336.60,200,11496300
20221118,10:03:44,18336.60,100,11496300
20221118,10:03:46,18336.55,50,11496300
20221118,10:03:47,18336.35,400,11496300
20221118,10:03:48,18336.90,250,11496300
20221118,10:03:49,18336.00,400,11496300
20221118,10:03:50,18336.00,50,11496300
20221118,10:03:52,18334.05,1950,11496300
20221118,10:03:53,18336.40,150,11496300
20221118,10:03:54,18336.30,450,11496300
20221118,10:03:58,18336.15,150,11496300
20221118,10:03:59,18335.85,50,11496300
20221118,10:04:00,18336.20,700,11496300
20221118,10:04:01,18336.35,350,11496300
