20221118,09:15:00,18476.05,1,2277200
20221118,09:15:00,18499.75,650,2277200
20221118,09:15:02,18510.00,500,2277200
20221118,09:15:03,18488.45,550,2277200
20221118,09:15:04,18499.75,600,2277200
20221118,09:15:05,18500.45,800,2277200
20221118,09:15:07,18499.65,900,2277200
20221118,09:15:07,18494.00,450,2277200
20221118,09:15:08,18493.55,350,2277200
20221118,09:15:09,18499.95,950,2277200
20221118,09:15:11,18497.75,3050,2277200
20221118,09:15:11,18497.75,100,2277200
20221118,09:15:12,18498.60,300,2277200
20221118,09:15:13,18500.00,2250,2277200
20221118,09:15:15,18497.75,3600,2277200
20221118,09:15:15,18497.75,350,2277200
20221118,09:15:16,18496.05,50,2277200
20221118,09:15:18,18490.00,550,2277200
20221118,09:15:19,18491.15,100,2277200
20221118,09:15:21,18495.20,50,2277200
20221118,09:15:22,18498.20,500,2277200
20221118,09:15:23,18500.00,650,2277200
20221118,09:15:25,18498.45,250,2277200
20221118,09:15:26,18500.00,1150,2277200
20221118,09:15:26,18498.45,50,2277200
20221118,09:15:28,18498.45,450,2277200
20221118,09:15:29,18498.45,150,2277200
20221118,09:15:29,18498.20,350,2277200
20221118,09:15:31,18496.00,1000,2277200
20221118,09:15:32,18496.05,150,2277200
20221118,09:15:33,18496.00,350,2277200
20221118,09:15:35,18497.00,1250,2277200
20221118,09:15:36,18496.15,2200,2277200
20221118,09:15:38,18495.15,1150,2277200
20221118,09:15:39,18485.05,1100,2277200
20221118,09:15:39,18484.80,250,2277200
20221118,09:15:41,18484.25,50,2277200
20221118,09:15:42,18482.65,150,2277200
20221118,09:15:43,18488.60,600,2277200
20221118,09:15:45,18489.45,1000,2277200
20221118,09:15:46,18487.05,50,2277200
20221118,09:15:48,18487.00,200,2277200
20221118,09:15:49,18487.00,400,2277200
20221118,09:15:50,18483.30,1100,2277200
20221118,09:15:52,18486.50,100,2277200
20221118,09:15:52,18482.20,50,2277200
20221118,09:15:53,18485.45,400,2277200
20221118,09:15:55,18481.50,150,2277200
20221118,09:15:56,18480.65,150,2277200
20221118,09:15:58,18480.05,50,2277200
20221118,09:15:59,18481.50,50,2277200
20221118,09:16:02,18481.50,50,2277200
20221118,09:16:04,18480.15,2750,2277200
20221118,09:16:05,18478.00,150,2277200
20221118,09:16:07,18475.00,100,2277200
20221118,09:16:08,18472.25,250,2277200
20221118,09:16:10,18477.20,50,2277200
20221118,09:16:11,18478.45,150,2277200
20221118,09:16:12,18478.00,1050,2277200
20221118,09:16:14,18475.00,1350,2277200
20221118,09:16:15,18477.20,150,2277200
20221118,09:16:17,18480.00,750,2277200
20221118,09:16:17,18479.75,50,2277200
20221118,09:16:18,18479.80,950,2277200
20221118,09:16:20,18485.10,2650,2277200
20221118,09:16:21,18487.50,2450,2277200
20221118,09:16:21,18485.00,50,2277200
20221118,09:16:23,18486.95,1800,2277200
20221118,09:16:24,18482.05,50,2277200
20221118,09:16:26,18485.00,100,2277200
20221118,09:16:27,18483.50,500,2277200
20221118,09:16:27,18483.05,50,2277200
20221118,09:16:30,18486.85,50,2277200
20221118,09:16:32,18486.55,50,2277200
20221118,09:16:33,18487.00,50,2277200
20221118,09:16:35,18484.15,50,2277200
20221118,09:16:38,18486.05,200,2277200
20221118,09:16:39,18482.95,100,2277200
20221118,09:16:42,18483.25,50,2277200
20221118,09:16:42,18482.90,50,2277200
20221118,09:16:43,18484.00,100,2277200
20221118,09:16:52,18483.25,150,2277200
20221118,09:16:52,18482.80,100,2277200
20221118,09:16:54,18482.00,50,2277200
20221118,09:16:55,18484.00,150,2277200
20221118,09:16:56,18483.00,150,2277200
20221118,09:16:58,18483.55,50,2277200
20221118,09:17:01,18483.00,50,2277200
20221118,09:17:01,18482.10,50,2277200
20221118,09:17:02,18485.00,50,2277200
20221118,09:17:04,18484.75,100,2277200
20221118,09:17:05,18480.85,100,2277200
20221118,09:17:07,18482.35,100,2277200
20221118,09:17:08,18481.15,50,2277200
20221118,09:17:08,18484.95,50,2277200
20221118,09:17:11,18484.00,50,2277200
20221118,09:17:13,18483.25,100,2277200
20221118,09:17:14,18485.00,50,2277200
20221118,09:17:17,18484.00,50,2277200
20221118,09:17:20,18485.00,50,2277200
20221118,09:17:22,18485.00,250,2277200
20221118,09:17:26,18477.10,800,2277200
20221118,09:17:35,18475.00,250,2294450
20221118,09:17:37,18475.25,150,2294450
20221118,09:17:38,18474.55,200,2294450
20221118,09:17:40,18477.25,50,2294450
20221118,09:17:41,18477.65,450,2294450
20221118,09:17:42,18474.50,300,2294450
20221118,09:17:43,18474.55,150,2294450
20221118,09:17:48,18475.95,50,2294450
20221118,09:17:50,18477.45,150,2294450
20221118,09:17:51,18476.65,250,2294450
20221118,09:17:53,18477.85,50,2294450
20221118,09:17:54,18479.95,50,2294450
20221118,09:17:56,18480.00,150,2294450
20221118,09:17:57,18480.00,150,2294450
20221118,09:18:05,18476.25,100,2294450
20221118,09:18:06,18475.60,350,2294450
20221118,09:18:07,18475.60,1700,2294450
20221118,09:18:08,18475.95,1700,2294450
20221118,09:18:09,18476.55,3300,2294450
20221118,09:18:11,18476.85,2050,2294450
20221118,09:18:14,18480.00,250,2294450
20221118,09:18:15,18478.20,50,2294450
20221118,09:18:18,18480.70,50,2294450
20221118,09:18:20,18484.00,250,2294450
20221118,09:18:22,18480.15,150,2294450
20221118,09:18:23,18478.90,500,2294450
20221118,09:18:27,18481.00,100,2294450
20221118,09:18:30,18480.25,550,2294450
20221118,09:18:33,18479.95,150,2294450
20221118,09:18:34,18478.20,100,2294450
20221118,09:18:35,18477.25,100,2294450
20221118,09:18:39,18475.80,400,2294450
20221118,09:18:40,18475.00,1200,2294450
20221118,09:18:41,18475.00,550,2294450
20221118,09:18:43,18475.00,200,2294450
20221118,09:18:44,18475.00,100,2294450
20221118,09:18:45,18475.00,50,2294450
20221118,09:18:46,18475.00,100,2294450
20221118,09:18:49,18480.00,100,2294450
20221118,09:18:50,18475.65,100,2294450
20221118,09:18:52,18475.25,550,2294450
20221118,09:18:59,18478.40,100,2294450
20221118,09:19:01,18477.05,50,2294450
20221118,09:19:02,18475.00,100,2294450
20221118,09:19:03,18473.85,100,2294450
20221118,09:19:07,18476.60,50,2294450
20221118,09:19:12,18475.00,50,2294450
20221118,09:19:16,18474.95,50,2294450
20221118,09:19:17,18474.00,1750,2294450
20221118,09:19:19,18474.95,50,2294450
20221118,09:19:20,18473.95,50,2294450
20221118,09:19:23,18475.00,1950,2294450
20221118,09:19:23,18479.05,100,2294450
20221118,09:19:25,18477.00,50,2294450
20221118,09:19:25,18477.00,200,2294450
20221118,09:19:26,18473.85,50,2294450
20221118,09:19:28,18474.80,50,2294450
20221118,09:19:33,18470.25,500,2294450
20221118,09:19:38,18470.25,50,2294450
20221118,09:19:39,18470.00,50,2294450
20221118,09:19:40,18470.00,100,2294450
20221118,09:19:43,18470.00,100,2294450
20221118,09:19:44,18470.00,150,2294450
20221118,09:19:45,18468.85,50,2294450
20221118,09:19:48,18468.85,100,2294450
20221118,09:19:49,18468.25,100,2294450
20221118,09:19:50,18468.25,50,2294450
20221118,09:19:51,18471.00,50,2294450
20221118,09:19:56,18470.00,400,2294450
20221118,09:19:57,18470.10,100,2294450
20221118,09:19:58,18470.10,50,2294450
20221118,09:20:01,18471.00,100,2294450
20221118,09:20:04,18471.55,50,2294450
20221118,09:20:05,18472.50,50,2294450
20221118,09:20:06,18474.80,400,2294450
20221118,09:20:09,18477.75,50,2294450
20221118,09:20:11,18470.20,100,2294450
20221118,09:20:12,18470.00,150,2294450
20221118,09:20:13,18470.70,50,2294450
20221118,09:20:14,18470.60,50,2294450
20221118,09:20:15,18467.65,200,2294450
20221118,09:20:17,18469.80,50,2294450
20221118,09:20:18,18470.20,50,2294450
20221118,09:20:22,18467.60,100,2294450
20221118,09:20:23,18467.15,100,2294450
20221118,09:20:26,18467.15,1200,2294450
20221118,09:20:27,18469.80,1000,2294450
20221118,09:20:28,18468.60,50,2281850
20221118,09:20:30,18468.20,950,2281850
20221118,09:20:33,18468.60,50,2281850
20221118,09:20:35,18468.95,50,2281850
20221118,09:20:37,18468.60,50,2281850
20221118,09:20:38,18468.95,250,2281850
20221118,09:20:43,18468.55,150,2281850
20221118,09:20:46,18468.95,1700,2281850
20221118,09:20:47,18473.10,1650,2281850
20221118,09:20:53,18473.55,100,2281850
20221118,09:20:54,18473.05,100,2281850
20221118,09:20:55,18471.15,50,2281850
20221118,09:20:56,18471.15,50,2281850
20221118,09:21:00,18472.15,50,2281850
20221118,09:21:01,18469.30,1000,2281850
20221118,09:21:02,18470.00,100,2281850
20221118,09:21:03,18470.00,150,2281850
20221118,09:21:05,18470.40,50,2281850
20221118,09:21:06,18466.70,50,2281850
20221118,09:21:07,18466.70,100,2281850
20221118,09:21:09,18469.95,50,2281850
20221118,09:21:14,18469.30,50,2281850
20221118,09:21:19,18468.40,100,2281850
20221118,09:21:22,18467.55,50,2281850
20221118,09:21:23,18465.00,150,2281850
20221118,09:21:24,18464.80,50,2281850
20221118,09:21:25,18464.80,50,2281850
20221118,09:21:27,18463.50,50,2281850
20221118,09:21:30,18461.60,50,2281850
20221118,09:21:32,18461.60,1000,2281850
20221118,09:21:36,18464.00,100,2281850
20221118,09:21:41,18465.00,50,2281850
20221118,09:21:42,18464.80,200,2281850
20221118,09:21:47,18462.20,50,2281850
20221118,09:21:51,18460.65,50,2281850
20221118,09:21:53,18460.65,50,2281850
20221118,09:21:57,18460.15,100,2281850
20221118,09:21:58,18460.15,100,2281850
20221118,09:22:01,18460.15,50,2281850
20221118,09:22:03,18461.20,200,2281850
20221118,09:22:05,18463.90,250,2281850
20221118,09:22:12,18463.60,850,2281850
20221118,09:22:19,18461.05,200,2281850
20221118,09:22:20,18463.55,50,2281850
20221118,09:22:24,18463.00,50,2281850
20221118,09:22:28,18461.00,50,2281850
20221118,09:22:36,18461.00,50,2281850
20221118,09:22:37,18460.05,50,2281850
20221118,09:22:38,18460.05,50,2281850
20221118,09:22:39,18458.30,1050,2281850
20221118,09:22:40,18460.00,100,2281850
20221118,09:22:44,18459.10,50,2281850
20221118,09:22:45,18459.10,100,2281850
20221118,09:22:46,18458.30,400,2281850
20221118,09:22:48,18458.05,50,2281850
20221118,09:22:49,18458.05,50,2281850
20221118,09:22:50,18460.00,100,2281850
20221118,09:22:52,18460.00,400,2281850
20221118,09:22:53,18460.10,150,2281850
20221118,09:22:54,18460.00,350,2281850
20221118,09:22:55,18460.00,150,2281850
20221118,09:22:56,18460.45,250,2281850
20221118,09:22:57,18461.05,350,2281850
20221118,09:22:59,18463.00,50,2281850
20221118,09:23:10,18463.55,50,2281850
20221118,09:23:13,18463.00,50,2281850
20221118,09:23:15,18461.00,50,2281850
20221118,09:23:17,18462.70,50,2281850
20221118,09:23:18,18462.70,50,2281850
20221118,09:23:19,18465.00,250,2281850
20221118,09:23:23,18465.75,50,2281850
20221118,09:23:25,18465.65,50,2281850
20221118,09:23:26,18465.95,150,2281850
20221118,09:23:33,18465.80,50,2276900
20221118,09:23:36,18465.00,50,2276900
20221118,09:23:41,18465.00,200,2276900
20221118,09:23:43,18465.80,100,2276900
20221118,09:23:44,18466.00,50,2276900
20221118,09:23:45,18463.75,50,2276900
20221118,09:23:48,18463.10,50,2276900
20221118,09:23:52,18466.95,50,2276900
20221118,09:23:54,18465.50,100,2276900
20221118,09:23:54,18465.10,100,2276900
20221118,09:23:56,18470.00,500,2276900
20221118,09:23:58,18469.15,100,2276900
20221118,09:24:02,18468.95,50,2276900
20221118,09:24:03,18469.00,50,2276900
20221118,09:24:05,18470.00,50,2276900
20221118,09:24:12,18469.40,50,2276900
20221118,09:24:15,18470.00,200,2276900
20221118,09:24:19,18470.00,800,2276900
20221118,09:24:20,18471.00,450,2276900
20221118,09:24:24,18470.00,100,2276900
20221118,09:24:26,18469.95,50,2276900
20221118,09:24:29,18468.00,50,2276900
20221118,09:24:35,18466.10,50,2276900
20221118,09:24:39,18466.70,50,2276900
20221118,09:24:44,18467.00,100,2276900
20221118,09:24:46,18467.30,50,2276900
20221118,09:24:53,18468.00,100,2276900
20221118,09:24:59,18467.75,50,2276900
20221118,09:25:01,18466.00,50,2276900
20221118,09:25:02,18466.70,300,2276900
20221118,09:25:06,18465.00,100,2276900
20221118,09:25:08,18465.65,50,2276900
20221118,09:25:10,18464.00,300,2276900
20221118,09:25:11,18464.45,50,2276900
20221118,09:25:15,18464.45,150,2276900
20221118,09:25:16,18464.45,100,2276900
20221118,09:25:17,18462.00,100,2276900
20221118,09:25:23,18464.45,100,2276900
20221118,09:25:31,18460.00,100,2276900
20221118,09:25:34,18460.00,50,2276900
20221118,09:25:35,18460.00,150,2276900
20221118,09:25:36,18458.00,50,2276900
20221118,09:25:41,18458.00,150,2276900
20221118,09:25:43,18458.00,100,2276900
20221118,09:25:47,18456.80,200,2276900
20221118,09:25:49,18459.85,50,2276900
20221118,09:25:51,18459.85,150,2276900
20221118,09:25:53,18460.00,50,2276900
20221118,09:26:01,18460.00,50,2276900
20221118,09:26:03,18461.00,50,2276900
20221118,09:26:04,18460.00,200,2276900
20221118,09:26:10,18460.40,100,2276900
20221118,09:26:12,18463.00,100,2276900
20221118,09:26:16,18463.85,50,2276900
20221118,09:26:17,18464.00,150,2276900
20221118,09:26:24,18461.20,50,2276900
20221118,09:26:28,18461.00,50,2276900
20221118,09:26:29,18460.40,150,2279350
20221118,09:26:30,18461.20,50,2279350
20221118,09:26:35,18462.00,150,2279350
20221118,09:26:40,18464.00,50,2279350
20221118,09:26:48,18460.00,100,2279350
20221118,09:26:49,18457.60,50,2279350
20221118,09:26:53,18457.60,150,2279350
20221118,09:26:54,18460.00,50,2279350
20221118,09:26:57,18457.60,50,2279350
20221118,09:26:58,18457.00,100,2279350
20221118,09:27:01,18456.85,50,2279350
20221118,09:27:03,18456.25,50,2279350
20221118,09:27:04,18456.00,100,2279350
20221118,09:27:06,18456.00,50,2279350
20221118,09:27:10,18455.30,50,2279350
20221118,09:27:12,18455.00,100,2279350
20221118,09:27:15,18455.00,50,2279350
20221118,09:27:18,18455.00,50,2279350
20221118,09:27:20,18457.00,50,2279350
20221118,09:27:26,18455.00,100,2279350
20221118,09:27:27,18453.25,400,2279350
20221118,09:27:30,18454.10,150,2279350
20221118,09:27:31,18454.50,150,2279350
20221118,09:27:38,18456.00,50,2279350
20221118,09:27:39,18456.00,50,2279350
20221118,09:27:40,18453.30,50,2279350
20221118,09:27:43,18456.00,150,2279350
20221118,09:27:46,18453.75,100,2279350
20221118,09:27:53,18453.50,250,2279350
20221118,09:27:54,18453.50,50,2279350
20221118,09:27:58,18453.50,50,2279350
20221118,09:27:59,18453.00,50,2279350
20221118,09:28:05,18452.00,100,2279350
20221118,09:28:06,18453.50,50,2279350
20221118,09:28:07,18452.00,100,2279350
20221118,09:28:08,18453.50,100,2279350
20221118,09:28:11,18453.50,50,2279350
20221118,09:28:17,18453.35,50,2279350
20221118,09:28:24,18452.00,100,2279350
20221118,09:28:25,18452.00,50,2279350
20221118,09:28:26,18453.50,750,2279350
20221118,09:28:28,18453.50,100,2279350
20221118,09:28:30,18452.00,50,2279350
20221118,09:28:32,18453.00,50,2279350
20221118,09:28:34,18453.00,50,2279350
20221118,09:28:35,18452.00,150,2279350
20221118,09:28:39,18454.80,50,2279350
20221118,09:28:40,18454.80,50,2279350
20221118,09:28:41,18454.80,50,2279350
20221118,09:28:46,18454.05,50,2279350
20221118,09:28:49,18453.00,150,2279350
20221118,09:28:52,18453.00,50,2279350
20221118,09:28:57,18454.60,50,2279350
20221118,09:29:06,18454.00,150,2279350
20221118,09:29:13,18453.00,50,2279350
20221118,09:29:15,18453.70,50,2279350
20221118,09:29:17,18452.00,450,2279350
20221118,09:29:19,18451.00,350,2279350
20221118,09:29:20,18451.00,500,2279350
20221118,09:29:21,18451.40,50,2279350
20221118,09:29:23,18451.65,50,2279350
20221118,09:29:32,18450.70,50,2280700
20221118,09:29:35,18450.70,50,2280700
20221118,09:29:35,18450.95,200,2280700
20221118,09:29:37,18450.90,100,2280700
20221118,09:29:38,18451.30,100,2280700
20221118,09:29:42,18452.45,50,2280700
20221118,09:29:45,18452.45,100,2280700
20221118,09:29:46,18451.90,50,2280700
20221118,09:29:47,18452.55,50,2280700
20221118,09:29:50,18454.05,150,2280700
20221118,09:29:59,18453.20,50,2280700
20221118,09:30:01,18454.45,150,2280700
20221118,09:30:02,18455.50,250,2280700
20221118,09:30:05,18457.40,50,2280700
20221118,09:30:07,18456.40,200,2280700
20221118,09:30:09,18455.00,100,2280700
20221118,09:30:10,18456.35,200,2280700
20221118,09:30:13,18455.00,450,2280700
20221118,09:30:15,18451.00,50,2280700
20221118,09:30:16,18451.00,50,2280700
20221118,09:30:17,18452.75,150,2280700
20221118,09:30:20,18451.70,250,2280700
20221118,09:30:26,18454.35,50,2280700
20221118,09:30:34,18455.00,50,2280700
20221118,09:30:37,18456.30,150,2280700
20221118,09:30:40,18456.30,50,2280700
20221118,09:30:41,18456.40,100,2280700
20221118,09:30:44,18456.40,500,2280700
20221118,09:30:51,18456.40,100,2280700
20221118,09:30:53,18459.80,1350,2280700
20221118,09:30:54,18456.75,50,2280700
20221118,09:30:55,18460.00,100,2280700
20221118,09:30:57,18456.90,50,2280700
20221118,09:31:02,18456.75,50,2280700
20221118,09:31:03,18456.75,600,2280700
20221118,09:31:05,18456.75,200,2280700
20221118,09:31:07,18456.75,50,2280700
20221118,09:31:08,18456.75,50,2280700
20221118,09:31:10,18456.75,50,2280700
20221118,09:31:12,18456.75,50,2280700
20221118,09:31:14,18456.75,300,2280700
20221118,09:31:16,18457.70,50,2280700
20221118,09:31:23,18457.00,50,2280700
20221118,09:31:27,18457.70,50,2280700
20221118,09:31:30,18456.00,100,2280700
20221118,09:31:31,18457.00,50,2280700
20221118,09:31:32,18458.00,50,2280700
20221118,09:31:36,18459.70,200,2280700
20221118,09:31:40,18459.00,50,2280700
20221118,09:31:47,18459.00,50,2280700
20221118,09:31:48,18458.90,50,2280700
20221118,09:31:49,18459.30,50,2280700
20221118,09:31:50,18462.25,900,2280700
20221118,09:31:54,18460.00,50,2280700
20221118,09:31:55,18458.65,50,2280700
20221118,09:31:59,18459.00,100,2280700
20221118,09:32:01,18459.85,50,2280700
20221118,09:32:06,18459.95,50,2280700
20221118,09:32:14,18459.85,50,2280700
20221118,09:32:18,18459.45,150,2280700
20221118,09:32:20,18458.00,50,2280700
20221118,09:32:23,18457.40,100,2280700
20221118,09:32:25,18456.65,100,2280700
20221118,09:32:26,18455.00,350,2280700
20221118,09:32:27,18455.00,50,2280700
20221118,09:32:28,18454.80,200,2280700
20221118,09:32:29,18454.20,50,2280700
20221118,09:32:30,18453.40,250,2280700
20221118,09:32:32,18452.00,100,2280700
20221118,09:32:33,18450.50,250,2279900
20221118,09:32:34,18448.00,1500,2279900
20221118,09:32:37,18445.10,100,2279900
20221118,09:32:38,18445.10,150,2279900
20221118,09:32:44,18447.90,150,2279900
20221118,09:32:45,18449.70,100,2279900
20221118,09:32:46,18449.85,100,2279900
20221118,09:32:47,18450.00,50,2279900
20221118,09:32:49,18450.00,50,2279900
20221118,09:32:50,18448.85,1000,2279900
20221118,09:32:55,18450.00,50,2279900
20221118,09:32:56,18450.45,400,2279900
20221118,09:33:00,18450.75,50,2279900
20221118,09:33:01,18450.60,50,2279900
20221118,09:33:03,18447.20,50,2279900
20221118,09:33:05,18447.25,100,2279900
20221118,09:33:06,18450.00,50,2279900
20221118,09:33:08,18447.20,100,2279900
20221118,09:33:09,18447.65,200,2279900
20221118,09:33:13,18450.00,50,2279900
20221118,09:33:16,18450.00,50,2279900
20221118,09:33:24,18451.00,50,2279900
20221118,09:33:25,18451.00,50,2279900
20221118,09:33:26,18450.25,50,2279900
20221118,09:33:27,18452.40,100,2279900
20221118,09:33:28,18452.45,100,2279900
20221118,09:33:29,18451.15,150,2279900
20221118,09:33:31,18452.95,50,2279900
20221118,09:33:33,18452.90,200,2279900
20221118,09:33:34,18451.20,100,2279900
20221118,09:33:34,18450.10,100,2279900
20221118,09:33:38,18450.85,450,2279900
20221118,09:33:41,18450.10,50,2279900
20221118,09:33:43,18451.10,100,2279900
20221118,09:33:44,18451.10,150,2279900
20221118,09:33:50,18450.95,50,2279900
20221118,09:33:51,18451.10,50,2279900
20221118,09:33:55,18451.10,50,2279900
20221118,09:33:58,18450.50,100,2279900
20221118,09:34:01,18450.50,100,2279900
20221118,09:34:02,18450.50,50,2279900
20221118,09:34:04,18451.10,600,2279900
20221118,09:34:05,18451.10,1050,2279900
20221118,09:34:06,18451.85,100,2279900
20221118,09:34:08,18450.70,50,2279900
20221118,09:34:09,18451.10,50,2279900
20221118,09:34:10,18451.10,50,2279900
20221118,09:34:15,18450.45,50,2279900
20221118,09:34:17,18451.10,100,2279900
20221118,09:34:18,18451.10,50,2279900
20221118,09:34:21,18451.10,50,2279900
20221118,09:34:24,18452.85,50,2279900
20221118,09:34:26,18451.10,50,2279900
20221118,09:34:30,18452.85,50,2279900
20221118,09:34:34,18454.45,150,2279900
20221118,09:34:37,18455.00,50,2279900
20221118,09:34:47,18455.00,250,2279900
20221118,09:34:48,18455.70,150,2279900
20221118,09:34:49,18454.70,50,2279900
20221118,09:34:50,18453.45,150,2279900
20221118,09:34:52,18453.45,50,2279900
20221118,09:34:58,18453.45,100,2279900
20221118,09:34:59,18453.90,350,2279900
20221118,09:35:02,18452.60,50,2279900
20221118,09:35:03,18452.55,150,2279900
20221118,09:35:05,18453.45,50,2279900
20221118,09:35:06,18453.05,100,2279900
20221118,09:35:14,18452.60,300,2279900
20221118,09:35:15,18452.60,50,2279900
20221118,09:35:16,18452.60,150,2279900
20221118,09:35:20,18454.60,50,2279900
20221118,09:35:21,18454.80,100,2279900
20221118,09:35:27,18453.95,100,2279900
20221118,09:35:35,18454.00,100,2282600
20221118,09:35:43,18452.00,100,2282600
20221118,09:35:45,18451.00,550,2282600
20221118,09:35:50,18451.00,300,2282600
20221118,09:35:51,18450.50,100,2282600
20221118,09:35:52,18449.95,300,2282600
20221118,09:35:55,18449.45,50,2282600
20221118,09:36:06,18448.00,200,2282600
20221118,09:36:07,18447.90,50,2282600
20221118,09:36:08,18447.90,1200,2282600
20221118,09:36:11,18443.30,2300,2282600
20221118,09:36:12,18442.70,450,2282600
20221118,09:36:16,18443.30,50,2282600
20221118,09:36:17,18445.65,50,2282600
20221118,09:36:19,18443.90,50,2282600
20221118,09:36:27,18444.85,50,2282600
20221118,09:36:33,18444.85,50,2282600
20221118,09:36:34,18447.90,150,2282600
20221118,09:36:39,18447.10,50,2282600
20221118,09:36:40,18444.20,50,2282600
20221118,09:36:43,18446.85,100,2282600
20221118,09:36:51,18446.00,50,2282600
20221118,09:36:53,18445.20,100,2282600
20221118,09:36:55,18444.75,50,2282600
20221118,09:36:57,18446.00,50,2282600
20221118,09:37:01,18447.05,100,2282600
20221118,09:37:08,18443.00,300,2282600
20221118,09:37:10,18436.35,5550,2282600
20221118,09:37:11,18435.50,150,2282600
20221118,09:37:12,18435.00,50,2282600
20221118,09:37:14,18435.00,200,2282600
20221118,09:37:15,18436.75,50,2282600
20221118,09:37:17,18438.85,150,2282600
20221118,09:37:18,18438.85,200,2282600
20221118,09:37:22,18438.70,100,2282600
20221118,09:37:24,18438.85,100,2282600
20221118,09:37:25,18438.25,50,2282600
20221118,09:37:26,18439.95,50,2282600
20221118,09:37:28,18440.00,250,2282600
20221118,09:37:29,18441.85,150,2282600
20221118,09:37:31,18439.35,100,2282600
20221118,09:37:32,18438.60,50,2282600
20221118,09:37:34,18438.60,100,2282600
20221118,09:37:36,18440.00,100,2282600
20221118,09:37:38,18440.00,100,2282600
20221118,09:37:39,18440.70,100,2282600
20221118,09:37:41,18440.70,50,2282600
20221118,09:37:43,18440.70,50,2282600
20221118,09:37:51,18440.00,200,2282600
20221118,09:37:54,18441.80,100,2282600
20221118,09:37:56,18440.00,50,2282600
20221118,09:37:59,18441.10,50,2282600
20221118,09:38:01,18440.00,1000,2282600
20221118,09:38:04,18443.45,50,2282600
20221118,09:38:05,18440.65,300,2282600
20221118,09:38:10,18442.45,50,2282600
20221118,09:38:11,18443.05,50,2282600
20221118,09:38:12,18444.45,150,2282600
20221118,09:38:14,18442.90,50,2282600
20221118,09:38:17,18445.00,100,2282600
20221118,09:38:27,18444.55,450,2282600
20221118,09:38:28,18444.55,50,2282600
20221118,09:38:32,18444.55,100,2287350
20221118,09:38:33,18444.55,150,2287350
20221118,09:38:34,18444.55,100,2287350
20221118,09:38:35,18444.55,150,2287350
20221118,09:38:36,18444.55,50,2287350
20221118,09:38:42,18444.35,100,2287350
20221118,09:38:43,18445.00,50,2287350
20221118,09:38:44,18446.05,150,2287350
20221118,09:38:45,18446.05,150,2287350
20221118,09:38:46,18446.35,150,2287350
20221118,09:38:47,18446.35,50,2287350
20221118,09:38:48,18443.80,150,2287350
20221118,09:38:49,18444.55,50,2287350
20221118,09:38:50,18444.60,300,2287350
20221118,09:38:53,18446.05,100,2287350
20221118,09:38:58,18446.05,50,2287350
20221118,09:39:01,18444.55,200,2287350
20221118,09:39:06,18444.00,100,2287350
20221118,09:39:09,18445.40,250,2287350
20221118,09:39:10,18444.00,50,2287350
20221118,09:39:26,18442.85,100,2287350
20221118,09:39:30,18442.95,50,2287350
20221118,09:39:36,18442.95,50,2287350
20221118,09:39:43,18442.95,50,2287350
20221118,09:39:44,18442.95,50,2287350
20221118,09:39:49,18445.00,150,2287350
20221118,09:39:50,18446.80,50,2287350
20221118,09:39:52,18443.25,550,2287350
20221118,09:39:54,18445.00,250,2287350
20221118,09:39:55,18444.30,50,2287350
20221118,09:39:59,18444.80,50,2287350
20221118,09:40:01,18444.90,350,2287350
20221118,09:40:05,18444.90,50,2287350
20221118,09:40:06,18444.00,200,2287350
20221118,09:40:07,18444.00,1800,2287350
20221118,09:40:09,18441.00,250,2287350
20221118,09:40:11,18442.35,50,2287350
20221118,09:40:13,18442.50,450,2287350
20221118,09:40:17,18441.95,600,2287350
20221118,09:40:23,18445.00,50,2287350
20221118,09:40:24,18445.00,50,2287350
20221118,09:40:27,18445.00,150,2287350
20221118,09:40:31,18443.55,50,2287350
20221118,09:40:44,18445.00,200,2287350
20221118,09:40:47,18443.55,150,2287350
20221118,09:40:52,18443.00,50,2287350
20221118,09:41:00,18443.00,50,2287350
20221118,09:41:06,18441.95,50,2287350
20221118,09:41:09,18440.85,50,2287350
20221118,09:41:17,18441.00,100,2287350
20221118,09:41:19,18443.00,100,2287350
20221118,09:41:22,18443.00,100,2287350
20221118,09:41:23,18443.55,400,2287350
20221118,09:41:24,18443.55,550,2287350
20221118,09:41:26,18444.95,100,2287350
20221118,09:41:27,18445.70,50,2287350
20221118,09:41:30,18447.65,700,2287350
20221118,09:41:34,18448.80,50,2287450
20221118,09:41:37,18448.65,50,2287450
20221118,09:41:38,18448.65,50,2287450
20221118,09:41:40,18448.65,200,2287450
20221118,09:41:42,18447.90,300,2287450
20221118,09:41:45,18448.65,100,2287450
20221118,09:41:47,18447.90,50,2287450
20221118,09:41:53,18448.30,50,2287450
20221118,09:41:55,18449.25,50,2287450
20221118,09:41:56,18449.25,100,2287450
20221118,09:41:57,18449.25,50,2287450
20221118,09:41:58,18449.25,150,2287450
20221118,09:41:59,18448.95,100,2287450
20221118,09:42:00,18450.00,1050,2287450
20221118,09:42:09,18449.95,50,2287450
20221118,09:42:11,18450.00,100,2287450
20221118,09:42:14,18450.00,50,2287450
20221118,09:42:18,18450.50,50,2287450
20221118,09:42:23,18450.10,50,2287450
20221118,09:42:25,18451.00,100,2287450
20221118,09:42:26,18450.95,50,2287450
20221118,09:42:28,18450.10,50,2287450
20221118,09:42:32,18450.10,50,2287450
20221118,09:42:38,18450.00,150,2287450
20221118,09:42:39,18450.00,450,2287450
20221118,09:42:41,18447.90,300,2287450
20221118,09:42:42,18448.05,50,2287450
20221118,09:42:44,18448.00,50,2287450
20221118,09:42:47,18446.90,300,2287450
20221118,09:42:49,18445.70,250,2287450
20221118,09:42:51,18447.50,100,2287450
20221118,09:42:54,18445.05,550,2287450
20221118,09:42:56,18449.45,50,2287450
20221118,09:43:03,18449.00,50,2287450
20221118,09:43:05,18444.55,1000,2287450
20221118,09:43:11,18447.85,100,2287450
20221118,09:43:15,18446.30,50,2287450
20221118,09:43:22,18447.75,50,2287450
20221118,09:43:28,18447.75,600,2287450
20221118,09:43:36,18450.05,150,2287450
20221118,09:43:40,18450.20,50,2287450
20221118,09:43:42,18450.15,50,2287450
20221118,09:43:44,18452.00,300,2287450
20221118,09:43:45,18452.05,50,2287450
20221118,09:43:49,18454.95,1500,2287450
20221118,09:43:51,18455.00,150,2287450
20221118,09:43:54,18453.25,100,2287450
20221118,09:43:55,18455.00,50,2287450
20221118,09:43:56,18453.65,50,2287450
20221118,09:43:59,18454.90,50,2287450
20221118,09:44:01,18454.60,1550,2287450
20221118,09:44:02,18454.50,50,2287450
20221118,09:44:05,18452.25,50,2287450
20221118,09:44:06,18452.20,100,2287450
20221118,09:44:07,18452.65,150,2287450
20221118,09:44:08,18452.20,100,2287450
20221118,09:44:09,18452.35,50,2287450
20221118,09:44:10,18451.00,1200,2287450
20221118,09:44:11,18450.00,150,2287450
20221118,09:44:13,18449.20,50,2287450
20221118,09:44:16,18448.05,50,2287450
20221118,09:44:17,18449.45,50,2287450
20221118,09:44:20,18449.45,50,2287450
20221118,09:44:21,18449.45,250,2287450
20221118,09:44:24,18448.05,50,2287450
20221118,09:44:27,18449.75,50,2287450
20221118,09:44:28,18449.40,50,2287450
20221118,09:44:43,18450.65,250,2286300
20221118,09:44:54,18450.55,100,2286300
20221118,09:44:58,18450.00,50,2286300
20221118,09:45:01,18451.70,150,2286300
20221118,09:45:07,18450.00,100,2286300
20221118,09:45:09,18450.65,50,2286300
20221118,09:45:14,18450.00,50,2286300
20221118,09:45:18,18451.00,50,2286300
20221118,09:45:19,18451.00,50,2286300
20221118,09:45:28,18451.65,100,2286300
20221118,09:45:30,18453.20,1500,2286300
20221118,09:45:31,18453.25,50,2286300
20221118,09:45:32,18451.00,50,2286300
20221118,09:45:37,18451.80,50,2286300
20221118,09:45:48,18454.80,50,2286300
20221118,09:46:00,18454.80,50,2286300
20221118,09:46:02,18454.80,50,2286300
20221118,09:46:05,18455.00,200,2286300
20221118,09:46:10,18454.80,100,2286300
20221118,09:46:13,18458.45,550,2286300
20221118,09:46:15,18454.55,300,2286300
20221118,09:46:22,18457.95,50,2286300
20221118,09:46:23,18458.15,2650,2286300
20221118,09:46:34,18454.70,150,2286300
20221118,09:46:35,18454.85,50,2286300
20221118,09:46:56,18451.80,50,2286300
20221118,09:46:57,18451.00,50,2286300
20221118,09:47:11,18452.10,100,2286300
20221118,09:47:16,18452.15,50,2286300
20221118,09:47:21,18450.00,100,2286300
20221118,09:47:28,18450.00,250,2286300
20221118,09:47:32,18449.70,50,2286300
20221118,09:47:35,18449.85,50,2287050
20221118,09:47:36,18448.00,150,2287050
20221118,09:47:43,18448.00,50,2287050
20221118,09:47:44,18447.00,50,2287050
20221118,09:47:45,18447.55,50,2287050
20221118,09:47:46,18447.35,50,2287050
20221118,09:47:48,18447.00,50,2287050
20221118,09:47:50,18445.10,50,2287050
20221118,09:48:04,18446.90,50,2287050
20221118,09:48:07,18444.00,150,2287050
20221118,09:48:14,18446.35,50,2287050
20221118,09:48:17,18443.30,300,2287050
20221118,09:48:21,18445.90,50,2287050
20221118,09:48:35,18444.00,450,2287050
20221118,09:48:37,18443.85,350,2287050
20221118,09:48:44,18442.00,50,2287050
20221118,09:48:46,18441.00,250,2287050
20221118,09:48:47,18440.00,500,2287050
20221118,09:48:48,18439.95,50,2287050
20221118,09:48:55,18438.60,100,2287050
20221118,09:48:59,18438.45,250,2287050
20221118,09:49:01,18441.70,350,2287050
20221118,09:49:04,18438.70,400,2287050
20221118,09:49:08,18441.70,50,2287050
20221118,09:49:15,18442.25,50,2287050
20221118,09:49:18,18442.20,50,2287050
20221118,09:49:21,18443.00,50,2287050
20221118,09:49:30,18442.40,50,2287050
20221118,09:49:31,18443.00,50,2287050
20221118,09:49:38,18443.00,350,2287050
20221118,09:49:40,18445.00,350,2287050
20221118,09:49:45,18443.80,50,2287050
20221118,09:49:47,18443.20,100,2287050
20221118,09:49:48,18444.95,100,2287050
20221118,09:49:51,18445.00,50,2287050
20221118,09:49:52,18445.00,50,2287050
20221118,09:50:05,18446.65,50,2287050
20221118,09:50:16,18446.65,50,2287050
20221118,09:50:21,18444.00,500,2287050
20221118,09:50:21,18445.60,150,2287050
20221118,09:50:25,18446.05,350,2287050
20221118,09:50:26,18446.65,50,2287050
20221118,09:50:31,18446.55,250,2287050
20221118,09:50:31,18446.90,150,2287050
20221118,09:50:32,18446.10,100,2287050
20221118,09:50:37,18446.10,100,2286600
20221118,09:50:45,18443.45,50,2286600
20221118,09:50:51,18443.10,50,2286600
20221118,09:50:52,18444.65,350,2286600
20221118,09:50:53,18444.70,50,2286600
20221118,09:50:57,18443.00,50,2286600
20221118,09:50:59,18443.00,50,2286600
20221118,09:51:01,18442.90,50,2286600
20221118,09:51:04,18443.00,100,2286600
20221118,09:51:06,18443.90,100,2286600
20221118,09:51:11,18444.75,50,2286600
20221118,09:51:12,18445.80,100,2286600
20221118,09:51:14,18445.55,50,2286600
20221118,09:51:16,18445.15,50,2286600
20221118,09:51:17,18445.20,50,2286600
20221118,09:51:19,18445.80,50,2286600
20221118,09:51:21,18447.30,850,2286600
20221118,09:51:22,18447.50,200,2286600
20221118,09:51:23,18447.60,100,2286600
20221118,09:51:25,18448.00,350,2286600
20221118,09:51:27,18449.65,150,2286600
20221118,09:51:28,18448.05,50,2286600
20221118,09:51:35,18449.45,50,2286600
20221118,09:51:37,18447.45,50,2286600
20221118,09:51:39,18448.00,50,2286600
20221118,09:51:41,18448.00,50,2286600
20221118,09:51:42,18449.95,150,2286600
20221118,09:51:43,18448.25,150,2286600
20221118,09:51:51,18450.00,150,2286600
20221118,09:51:53,18450.90,100,2286600
20221118,09:51:57,18452.95,100,2286600
20221118,09:51:58,18450.95,100,2286600
20221118,09:52:01,18450.95,50,2286600
20221118,09:52:03,18450.75,50,2286600
20221118,09:52:05,18450.00,150,2286600
20221118,09:52:06,18450.30,150,2286600
20221118,09:52:08,18450.95,50,2286600
20221118,09:52:10,18449.20,50,2286600
20221118,09:52:11,18450.30,50,2286600
20221118,09:52:16,18450.95,50,2286600
20221118,09:52:17,18448.25,50,2286600
20221118,09:52:26,18449.45,50,2286600
20221118,09:52:29,18449.20,50,2286600
20221118,09:52:30,18447.00,50,2286600
20221118,09:52:31,18446.90,50,2286600
20221118,09:52:33,18446.75,100,2286600
20221118,09:52:35,18449.25,50,2286600
20221118,09:52:43,18445.00,100,2286600
20221118,09:52:45,18444.00,100,2286600
20221118,09:52:53,18444.00,50,2286600
20221118,09:52:55,18444.00,100,2286600
20221118,09:52:57,18444.00,800,2286600
20221118,09:52:59,18443.00,50,2286600
20221118,09:53:02,18443.25,100,2286600
20221118,09:53:03,18443.00,400,2286600
20221118,09:53:06,18442.00,50,2286600
20221118,09:53:08,18439.25,50,2286600
20221118,09:53:10,18442.10,50,2286600
20221118,09:53:16,18441.20,50,2286600
20221118,09:53:17,18441.20,50,2286600
20221118,09:53:19,18441.20,50,2286600
20221118,09:53:22,18441.15,100,2286600
20221118,09:53:26,18438.75,200,2286600
20221118,09:53:28,18440.00,100,2286600
20221118,09:53:29,18438.10,150,2286600
20221118,09:53:37,18438.00,50,2287800
20221118,09:53:40,18438.00,100,2287800
20221118,09:53:45,18438.75,550,2287800
20221118,09:53:48,18438.75,50,2287800
20221118,09:53:50,18438.75,100,2287800
20221118,09:53:54,18438.75,50,2287800
20221118,09:53:54,18438.00,50,2287800
20221118,09:53:57,18438.00,100,2287800
20221118,09:53:59,18438.70,100,2287800
20221118,09:54:00,18440.00,250,2287800
20221118,09:54:03,18439.25,200,2287800
20221118,09:54:04,18439.40,150,2287800
20221118,09:54:08,18440.95,100,2287800
20221118,09:54:09,18439.35,100,2287800
20221118,09:54:20,18436.85,500,2287800
20221118,09:54:27,18437.15,150,2287800
20221118,09:54:28,18437.10,50,2287800
20221118,09:54:35,18439.65,500,2287800
20221118,09:54:43,18439.25,50,2287800
20221118,09:54:49,18439.25,50,2287800
20221118,09:54:53,18438.95,100,2287800
20221118,09:54:58,18435.00,1000,2287800
20221118,09:54:59,18434.95,250,2287800
20221118,09:55:02,18434.00,150,2287800
20221118,09:55:04,18432.65,1050,2287800
20221118,09:55:10,18432.45,50,2287800
20221118,09:55:11,18432.45,50,2287800
20221118,09:55:14,18435.90,150,2287800
20221118,09:55:20,18435.40,50,2287800
20221118,09:55:25,18435.40,150,2287800
20221118,09:55:28,18432.30,100,2287800
20221118,09:55:31,18432.00,150,2287800
20221118,09:55:32,18430.05,600,2287800
20221118,09:55:33,18430.05,50,2287800
20221118,09:55:34,18428.45,2050,2287800
20221118,09:55:37,18429.40,200,2287800
20221118,09:55:39,18430.80,50,2287800
20221118,09:55:43,18430.40,300,2287800
20221118,09:55:49,18427.60,150,2287800
20221118,09:55:51,18427.60,50,2287800
20221118,09:55:53,18430.55,150,2287800
20221118,09:55:56,18428.25,250,2287800
20221118,09:55:59,18430.10,100,2287800
20221118,09:56:00,18430.55,100,2287800
20221118,09:56:01,18430.55,200,2287800
20221118,09:56:02,18430.55,450,2287800
20221118,09:56:03,18431.00,50,2287800
20221118,09:56:04,18430.75,150,2287800
20221118,09:56:05,18431.95,50,2287800
20221118,09:56:06,18430.65,100,2287800
20221118,09:56:07,18431.95,50,2287800
20221118,09:56:08,18431.95,50,2287800
20221118,09:56:09,18431.95,50,2287800
20221118,09:56:11,18430.65,100,2287800
20221118,09:56:12,18432.00,50,2287800
20221118,09:56:14,18431.95,50,2287800
20221118,09:56:17,18431.05,250,2287800
20221118,09:56:20,18434.15,50,2287800
20221118,09:56:22,18431.45,100,2287800
20221118,09:56:24,18434.00,100,2287800
20221118,09:56:25,18431.05,250,2287800
20221118,09:56:30,18432.05,250,2287800
20221118,09:56:47,18435.00,50,2285550
20221118,09:56:49,18434.60,100,2285550
20221118,09:56:49,18435.00,100,2285550
20221118,09:56:50,18436.60,100,2285550
20221118,09:56:53,18435.75,50,2285550
20221118,09:56:56,18437.25,150,2285550
20221118,09:57:00,18434.00,150,2285550
20221118,09:57:02,18435.15,100,2285550
20221118,09:57:04,18433.00,50,2285550
20221118,09:57:10,18435.00,50,2285550
20221118,09:57:12,18435.00,100,2285550
20221118,09:57:13,18433.00,50,2285550
20221118,09:57:14,18433.00,50,2285550
20221118,09:57:18,18433.00,50,2285550
20221118,09:57:20,18435.00,50,2285550
20221118,09:57:22,18435.00,50,2285550
20221118,09:57:26,18434.65,250,2285550
20221118,09:57:30,18432.05,50,2285550
20221118,09:57:32,18432.05,100,2285550
20221118,09:57:36,18432.00,100,2285550
20221118,09:57:38,18430.65,50,2285550
20221118,09:57:39,18430.65,150,2285550
20221118,09:57:41,18431.45,50,2285550
20221118,09:57:42,18428.00,1000,2285550
20221118,09:57:47,18429.30,50,2285550
20221118,09:57:49,18427.95,300,2285550
20221118,09:57:50,18430.50,400,2285550
20221118,09:57:54,18428.40,200,2285550
20221118,09:58:10,18432.90,250,2285550
20221118,09:58:12,18430.50,50,2285550
20221118,09:58:20,18429.90,50,2285550
20221118,09:58:21,18430.05,50,2285550
20221118,09:58:27,18428.40,50,2285550
20221118,09:58:37,18429.95,50,2285550
20221118,09:58:39,18428.40,50,2285550
20221118,09:58:42,18428.25,50,2285550
20221118,09:58:43,18429.00,50,2285550
20221118,09:58:44,18429.95,100,2285550
20221118,09:58:47,18428.55,50,2285550
20221118,09:58:50,18428.60,450,2285550
20221118,09:58:54,18429.95,50,2285550
20221118,09:58:55,18430.40,100,2285550
20221118,09:58:56,18430.40,50,2285550
20221118,09:58:57,18430.40,50,2285550
20221118,09:58:59,18430.15,50,2285550
20221118,09:59:06,18430.40,200,2285550
20221118,09:59:09,18430.15,50,2285550
20221118,09:59:13,18430.00,50,2285550
20221118,09:59:19,18429.00,50,2285550
20221118,09:59:20,18429.00,50,2285550
20221118,09:59:24,18428.10,150,2285550
20221118,09:59:25,18428.05,50,2285550
20221118,09:59:26,18429.60,150,2285550
20221118,09:59:27,18429.60,50,2285550
20221118,09:59:29,18429.25,50,2285550
20221118,09:59:30,18429.25,100,2285550
20221118,09:59:32,18429.20,50,2285550
20221118,09:59:34,18428.00,50,2284700
20221118,09:59:36,18428.00,50,2284700
20221118,09:59:37,18427.50,50,2284700
20221118,09:59:39,18427.45,50,2284700
20221118,09:59:44,18427.45,50,2284700
20221118,09:59:49,18428.95,800,2284700
20221118,09:59:52,18430.00,200,2284700
20221118,09:59:54,18430.00,50,2284700
20221118,09:59:58,18430.40,100,2284700
20221118,10:00:03,18430.20,50,2284700
20221118,10:00:06,18428.00,100,2284700
20221118,10:00:12,18430.50,100,2284700
20221118,10:00:15,18430.65,100,2284700
20221118,10:00:16,18432.80,150,2284700
20221118,10:00:21,18430.65,50,2284700
20221118,10:00:22,18430.85,100,2284700
20221118,10:00:23,18430.85,50,2284700
20221118,10:00:34,18430.00,150,2284700
20221118,10:00:34,18430.10,50,2284700
20221118,10:00:36,18430.10,50,2284700
20221118,10:00:43,18429.95,200,2284700
20221118,10:00:46,18429.95,50,2284700
20221118,10:00:52,18429.00,50,2284700
20221118,10:00:57,18429.00,200,2284700
20221118,10:00:59,18429.95,50,2284700
20221118,10:01:05,18428.00,50,2284700
20221118,10:01:11,18429.00,50,2284700
20221118,10:01:12,18429.95,150,2284700
20221118,10:01:13,18428.70,50,2284700
20221118,10:01:18,18428.30,100,2284700
20221118,10:01:20,18430.00,50,2284700
20221118,10:01:21,18430.05,50,2284700
20221118,10:01:23,18431.85,100,2284700
20221118,10:01:24,18430.30,50,2284700
20221118,10:01:26,18431.15,100,2284700
20221118,10:01:29,18432.00,50,2284700
20221118,10:01:31,18430.25,50,2284700
20221118,10:01:32,18431.85,150,2284700
20221118,10:01:38,18431.95,50,2284700
20221118,10:01:39,18431.85,100,2284700
20221118,10:01:42,18430.35,50,2284700
20221118,10:01:43,18431.95,100,2284700
20221118,10:01:46,18431.65,50,2284700
20221118,10:01:49,18431.20,50,2284700
20221118,10:01:50,18431.00,100,2284700
20221118,10:01:57,18430.00,150,2284700
20221118,10:02:00,18428.05,100,2284700
20221118,10:02:01,18427.10,550,2284700
20221118,10:02:02,18425.00,600,2284700
20221118,10:02:03,18422.40,850,2284700
20221118,10:02:04,18422.70,150,2284700
20221118,10:02:06,18422.30,50,2284700
20221118,10:02:11,18422.30,50,2284700
20221118,10:02:17,18424.90,500,2284700
20221118,10:02:20,18424.90,50,2284700
20221118,10:02:22,18422.95,50,2284700
20221118,10:02:23,18422.75,50,2284700
20221118,10:02:25,18424.95,350,2284700
20221118,10:02:26,18424.95,50,2284700
20221118,10:02:30,18425.90,50,2284700
20221118,10:02:32,18424.95,50,2284700
20221118,10:02:34,18424.90,50,2284700
20221118,10:02:37,18422.95,300,2285350
20221118,10:02:41,18425.05,50,2285350
20221118,10:02:45,18424.95,150,2285350
20221118,10:02:47,18424.85,50,2285350
20221118,10:02:51,18424.85,50,2285350
20221118,10:02:52,18425.05,50,2285350
20221118,10:02:58,18423.55,50,2285350
20221118,10:03:03,18425.25,50,2285350
20221118,10:03:04,18425.25,50,2285350
20221118,10:03:13,18424.00,1000,2285350
20221118,10:03:14,18424.00,50,2285350
20221118,10:03:16,18424.00,150,2285350
20221118,10:03:17,18424.90,150,2285350
20221118,10:03:19,18424.95,100,2285350
20221118,10:03:20,18424.95,100,2285350
20221118,10:03:21,18424.95,100,2285350
20221118,10:03:24,18425.30,50,2285350
20221118,10:03:26,18426.00,400,2285350
20221118,10:03:28,18427.10,350,2285350
20221118,10:03:29,18429.00,50,2285350
20221118,10:03:32,18429.95,50,2285350
20221118,10:03:33,18430.00,600,2285350
20221118,10:03:34,18429.35,50,2285350
20221118,10:03:40,18429.45,50,2285350
20221118,10:03:41,18428.30,50,2285350
20221118,10:03:42,18430.00,450,2285350
20221118,10:03:43,18430.00,50,2285350
20221118,10:03:47,18430.00,50,2285350
20221118,10:03:49,18427.10,50,2285350
20221118,10:04:00,18429.85,50,2285350
20221118,10:04:07,18429.90,100,2285350
20221118,10:04:14,18429.00,50,2285350
20221118,10:04:15,18429.95,50,2285350
20221118,10:04:18,18429.95,50,2285350
20221118,10:04:19,18429.95,200,2285350
20221118,10:04:20,18429.95,50,2285350
20221118,10:04:24,18430.00,50,2285350
20221118,10:04:25,18430.20,50,2285350
20221118,10:04:30,18433.40,100,2285350
20221118,10:04:31,18431.85,50,2285350
20221118,10:04:38,18434.35,250,2285350
20221118,10:04:40,18435.00,50,2285350
20221118,10:04:41,18434.35,100,2285350
20221118,10:04:42,18434.50,200,2285350
20221118,10:04:43,18434.05,400,2285350
20221118,10:04:45,18435.40,50,2285350
20221118,10:04:46,18435.50,150,2285350
20221118,10:04:47,18434.80,1100,2285350
20221118,10:04:49,18434.70,100,2285350
20221118,10:04:50,18434.70,400,2285350
20221118,10:04:53,18432.00,50,2285350
20221118,10:05:09,18436.00,50,2285350
20221118,10:05:12,18436.00,500,2285350
20221118,10:05:15,18436.00,50,2285350
20221118,10:05:16,18435.00,100,2285350
20221118,10:05:19,18434.55,50,2285350
20221118,10:05:21,18434.35,150,2285350
20221118,10:05:29,18432.00,250,2285350
20221118,10:05:31,18432.35,750,2285350
20221118,10:05:32,18430.00,350,2285350
20221118,10:05:34,18430.00,50,2285350
20221118,10:05:36,18430.75,100,2285350
20221118,10:05:37,18430.00,50,2284000
20221118,10:05:38,18430.00,50,2284000
20221118,10:05:42,18430.50,100,2284000
20221118,10:05:43,18430.55,150,2284000
20221118,10:05:44,18431.45,200,2284000
20221118,10:05:47,18432.50,50,2284000
20221118,10:05:50,18434.45,50,2284000
20221118,10:06:09,18431.40,100,2284000
20221118,10:06:12,18430.00,50,2284000
20221118,10:06:17,18431.20,50,2284000
20221118,10:06:20,18431.05,100,2284000
20221118,10:06:26,18430.00,50,2284000
20221118,10:06:27,18431.00,50,2284000
20221118,10:06:31,18430.00,50,2284000
20221118,10:06:33,18430.70,50,2284000
20221118,10:06:34,18430.00,200,2284000
20221118,10:06:40,18429.35,200,2284000
20221118,10:06:41,18428.90,50,2284000
20221118,10:06:42,18428.90,50,2284000
20221118,10:06:43,18428.90,50,2284000
20221118,10:06:45,18428.90,100,2284000
20221118,10:06:51,18429.50,50,2284000
20221118,10:06:57,18428.90,50,2284000
20221118,10:07:00,18426.95,500,2284000
20221118,10:07:03,18426.95,800,2284000
20221118,10:07:04,18428.90,50,2284000
20221118,10:07:06,18429.65,50,2284000
20221118,10:07:10,18430.00,150,2284000
20221118,10:07:12,18430.00,350,2284000
20221118,10:07:22,18432.60,150,2284000
20221118,10:07:23,18432.60,50,2284000
20221118,10:07:25,18432.60,50,2284000
20221118,10:07:26,18430.75,350,2284000
20221118,10:07:28,18433.30,50,2284000
20221118,10:07:30,18433.30,50,2284000
20221118,10:07:31,18432.55,200,2284000
20221118,10:07:32,18433.70,100,2284000
20221118,10:07:35,18432.90,50,2284000
20221118,10:07:37,18432.90,100,2284000
20221118,10:07:40,18434.25,100,2284000
20221118,10:07:44,18434.25,100,2284000
20221118,10:07:46,18434.10,50,2284000
20221118,10:07:49,18434.10,100,2284000
20221118,10:07:50,18434.10,100,2284000
20221118,10:07:52,18434.10,1000,2284000
20221118,10:07:57,18434.00,50,2284000
20221118,10:08:01,18433.85,50,2284000
20221118,10:08:05,18433.85,100,2284000
20221118,10:08:06,18430.75,100,2284000
20221118,10:08:18,18430.75,150,2284000
20221118,10:08:19,18430.30,50,2284000
20221118,10:08:23,18431.10,100,2284000
20221118,10:08:35,18430.65,150,2284000
20221118,10:08:36,18430.65,50,2283350
20221118,10:08:42,18430.05,200,2283350
20221118,10:08:47,18430.55,50,2283350
20221118,10:08:49,18430.25,50,2283350
20221118,10:08:59,18430.00,150,2283350
20221118,10:09:06,18430.00,300,2283350
20221118,10:09:07,18430.00,50,2283350
20221118,10:09:08,18430.00,50,2283350
20221118,10:09:09,18430.25,100,2283350
20221118,10:09:11,18430.25,100,2283350
20221118,10:09:12,18430.25,150,2283350
20221118,10:09:21,18432.65,50,2283350
20221118,10:09:22,18431.30,50,2283350
20221118,10:09:27,18431.25,150,2283350
20221118,10:09:33,18433.45,50,2283350
20221118,10:09:36,18433.45,100,2283350
20221118,10:09:37,18431.00,50,2283350
20221118,10:09:42,18431.00,50,2283350
20221118,10:09:44,18431.00,50,2283350
20221118,10:09:51,18432.35,100,2283350
20221118,10:09:55,18431.90,100,2283350
20221118,10:09:58,18431.00,100,2283350
20221118,10:10:03,18431.00,450,2283350
20221118,10:10:04,18431.00,100,2283350
20221118,10:10:10,18431.40,100,2283350
20221118,10:10:13,18431.40,100,2283350
20221118,10:10:19,18431.00,800,2283350
20221118,10:10:20,18431.00,550,2283350
20221118,10:10:20,18431.00,100,2283350
20221118,10:10:22,18431.00,50,2283350
20221118,10:10:30,18431.00,100,2283350
20221118,10:10:36,18431.00,150,2283350
20221118,10:10:37,18431.00,400,2283350
20221118,10:10:40,18431.00,100,2283350
20221118,10:10:41,18431.15,50,2283350
20221118,10:10:42,18431.00,50,2283350
20221118,10:10:51,18431.15,50,2283350
20221118,10:10:52,18431.00,50,2283350
20221118,10:10:53,18431.15,150,2283350
20221118,10:10:54,18431.20,50,2283350
20221118,10:10:58,18431.20,50,2283350
20221118,10:11:07,18431.15,100,2283350
20221118,10:11:08,18431.00,100,2283350
20221118,10:11:10,18431.10,50,2283350
20221118,10:11:13,18431.15,50,2283350
20221118,10:11:14,18431.15,50,2283350
20221118,10:11:15,18431.15,50,2283350
20221118,10:11:24,18431.15,50,2283350
20221118,10:11:26,18431.10,50,2283350
20221118,10:11:27,18431.15,50,2283350
20221118,10:11:33,18431.15,150,2283350
20221118,10:11:42,18431.35,50,2283350
20221118,10:11:43,18431.15,100,2284500
20221118,10:11:51,18431.30,50,2284500
20221118,10:11:55,18431.35,150,2284500
20221118,10:11:56,18432.00,100,2284500
20221118,10:11:58,18432.60,150,2284500
20221118,10:11:59,18432.50,50,2284500
20221118,10:12:03,18433.90,50,2284500
20221118,10:12:09,18433.30,50,2284500
20221118,10:12:10,18434.05,50,2284500
20221118,10:12:11,18434.05,50,2284500
20221118,10:12:21,18433.90,100,2284500
20221118,10:12:27,18432.60,50,2284500
20221118,10:12:28,18431.05,500,2284500
20221118,10:12:32,18433.20,150,2284500
20221118,10:12:32,18433.65,50,2284500
20221118,10:12:35,18434.95,100,2284500
20221118,10:12:37,18433.20,100,2284500
20221118,10:12:40,18433.65,400,2284500
20221118,10:12:43,18434.65,50,2284500
20221118,10:12:45,18434.75,50,2284500
20221118,10:12:47,18434.95,150,2284500
20221118,10:12:48,18434.65,50,2284500
20221118,10:12:55,18435.00,50,2284500
20221118,10:12:57,18435.00,100,2284500
20221118,10:13:06,18434.50,50,2284500
20221118,10:13:09,18432.00,50,2284500
20221118,10:13:17,18430.25,450,2284500
20221118,10:13:20,18430.00,200,2284500
20221118,10:13:23,18430.00,50,2284500
20221118,10:13:24,18428.00,50,2284500
20221118,10:13:26,18429.95,50,2284500
20221118,10:13:27,18430.00,50,2284500
20221118,10:13:38,18428.00,150,2284500
20221118,10:13:38,18426.00,200,2284500
20221118,10:13:40,18425.00,750,2284500
20221118,10:13:42,18422.55,100,2284500
20221118,10:13:46,18422.00,100,2284500
20221118,10:13:48,18422.00,100,2284500
20221118,10:13:49,18422.00,50,2284500
20221118,10:13:51,18422.00,150,2284500
20221118,10:13:53,18422.55,150,2284500
20221118,10:13:55,18424.55,50,2284500
20221118,10:13:58,18422.70,150,2284500
20221118,10:13:59,18423.00,200,2284500
20221118,10:14:02,18423.95,300,2284500
20221118,10:14:03,18424.60,50,2284500
20221118,10:14:04,18425.05,300,2284500
20221118,10:14:05,18425.25,100,2284500
20221118,10:14:06,18425.35,50,2284500
20221118,10:14:08,18425.40,100,2284500
20221118,10:14:10,18425.50,100,2284500
20221118,10:14:18,18422.00,50,2284500
20221118,10:14:21,18422.00,50,2284500
20221118,10:14:25,18422.00,100,2284500
20221118,10:14:30,18422.40,250,2284500
20221118,10:14:32,18422.50,250,2284500
20221118,10:14:34,18422.60,50,2284500
20221118,10:14:36,18422.00,100,2284500
20221118,10:14:39,18422.50,50,2282000
20221118,10:14:42,18422.65,150,2282000
20221118,10:14:43,18423.95,100,2282000
20221118,10:14:44,18423.10,50,2282000
20221118,10:14:46,18424.45,200,2282000
20221118,10:14:48,18424.25,50,2282000
20221118,10:14:49,18423.85,100,2282000
20221118,10:14:54,18423.90,150,2282000
20221118,10:14:56,18423.95,150,2282000
20221118,10:14:59,18424.10,100,2282000
20221118,10:14:59,18424.10,50,2282000
20221118,10:15:07,18423.55,50,2282000
20221118,10:15:11,18423.05,50,2282000
20221118,10:15:13,18424.00,50,2282000
20221118,10:15:14,18421.80,100,2282000
20221118,10:15:18,18421.80,150,2282000
20221118,10:15:20,18422.55,150,2282000
20221118,10:15:20,18422.00,200,2282000
20221118,10:15:22,18422.05,50,2282000
20221118,10:15:26,18422.15,200,2282000
20221118,10:15:26,18422.25,50,2282000
20221118,10:15:30,18423.05,250,2282000
20221118,10:15:31,18423.80,50,2282000
20221118,10:15:33,18423.70,150,2282000
20221118,10:15:36,18424.40,450,2282000
20221118,10:15:37,18424.60,50,2282000
20221118,10:15:38,18425.00,50,2282000
20221118,10:15:40,18426.65,200,2282000
20221118,10:15:42,18426.80,150,2282000
20221118,10:15:43,18427.95,250,2282000
20221118,10:15:48,18426.95,50,2282000
20221118,10:15:49,18427.00,150,2282000
20221118,10:15:49,18427.00,50,2282000
20221118,10:15:52,18427.05,700,2282000
20221118,10:15:54,18427.55,200,2282000
20221118,10:16:01,18428.00,450,2282000
20221118,10:16:04,18427.15,500,2282000
20221118,10:16:06,18427.85,150,2282000
20221118,10:16:09,18428.05,50,2282000
20221118,10:16:11,18428.10,200,2282000
20221118,10:16:12,18428.20,200,2282000
20221118,10:16:19,18428.20,50,2282000
20221118,10:16:20,18428.35,50,2282000
20221118,10:16:25,18428.35,50,2282000
20221118,10:16:30,18428.15,50,2282000
20221118,10:16:32,18427.15,100,2282000
20221118,10:16:33,18427.95,50,2282000
20221118,10:16:34,18427.95,100,2282000
20221118,10:16:35,18427.95,100,2282000
20221118,10:16:37,18427.60,150,2282000
20221118,10:16:39,18425.00,500,2282000
20221118,10:16:40,18426.65,50,2282000
20221118,10:16:45,18425.00,150,2282000
20221118,10:16:54,18425.60,50,2282000
20221118,10:17:01,18425.30,150,2282000
20221118,10:17:02,18426.15,50,2282000
20221118,10:17:03,18426.45,50,2282000
20221118,10:17:05,18426.20,100,2282000
20221118,10:17:06,18426.50,50,2282000
20221118,10:17:07,18426.70,150,2282000
20221118,10:17:08,18428.95,50,2282000
20221118,10:17:09,18427.10,50,2282000
20221118,10:17:11,18427.25,350,2282000
20221118,10:17:13,18427.35,50,2282000
20221118,10:17:14,18427.45,50,2282000
20221118,10:17:15,18427.50,50,2282000
20221118,10:17:18,18427.60,100,2282000
20221118,10:17:21,18427.60,100,2282000
20221118,10:17:23,18427.65,50,2282000
20221118,10:17:27,18427.25,50,2282000
20221118,10:17:28,18427.60,50,2282000
20221118,10:17:33,18427.85,200,2282000
20221118,10:17:35,18428.00,200,2282000
20221118,10:17:38,18428.40,350,2282000
20221118,10:17:41,18428.60,200,2276100
20221118,10:17:42,18429.95,50,2276100
20221118,10:17:43,18429.95,50,2276100
20221118,10:17:44,18429.55,50,2276100
20221118,10:17:47,18429.65,50,2276100
20221118,10:17:48,18429.65,50,2276100
20221118,10:17:53,18429.45,50,2276100
20221118,10:17:54,18429.75,100,2276100
20221118,10:17:55,18428.00,150,2276100
20221118,10:17:56,18429.45,50,2276100
20221118,10:17:59,18427.60,50,2276100
20221118,10:18:03,18429.40,50,2276100
20221118,10:18:04,18427.60,50,2276100
20221118,10:18:09,18427.60,50,2276100
20221118,10:18:12,18427.00,200,2276100
20221118,10:18:13,18427.00,200,2276100
20221118,10:18:14,18427.10,750,2276100
20221118,10:18:15,18427.10,850,2276100
20221118,10:18:17,18427.20,50,2276100
20221118,10:18:19,18427.00,50,2276100
20221118,10:18:21,18427.00,700,2276100
20221118,10:18:22,18426.60,150,2276100
20221118,10:18:24,18425.00,100,2276100
20221118,10:18:30,18425.55,300,2276100
20221118,10:18:31,18425.00,50,2276100
20221118,10:18:33,18425.00,50,2276100
20221118,10:18:36,18422.25,50,2276100
20221118,10:18:38,18424.85,50,2276100
20221118,10:18:39,18423.10,150,2276100
20221118,10:18:41,18422.95,50,2276100
20221118,10:18:42,18423.50,400,2276100
20221118,10:18:43,18424.85,800,2276100
20221118,10:18:44,18424.15,50,2276100
20221118,10:18:46,18423.75,150,2276100
20221118,10:18:47,18423.75,500,2276100
20221118,10:18:49,18423.55,50,2276100
20221118,10:18:50,18424.20,400,2276100
20221118,10:18:52,18424.70,150,2276100
20221118,10:18:54,18425.40,150,2276100
20221118,10:18:57,18426.35,150,2276100
20221118,10:18:58,18426.45,50,2276100
20221118,10:19:00,18426.85,150,2276100
20221118,10:19:01,18428.00,200,2276100
20221118,10:19:04,18426.55,100,2276100
20221118,10:19:05,18427.00,150,2276100
20221118,10:19:06,18428.70,200,2276100
20221118,10:19:11,18427.00,50,2276100
20221118,10:19:18,18427.00,50,2276100
20221118,10:19:19,18426.60,500,2276100
20221118,10:19:20,18427.20,150,2276100
20221118,10:19:21,18427.50,50,2276100
20221118,10:19:22,18427.30,350,2276100
20221118,10:19:23,18427.45,150,2276100
20221118,10:19:26,18427.60,150,2276100
20221118,10:19:29,18428.15,150,2276100
20221118,10:19:31,18428.70,50,2276100
20221118,10:19:32,18428.30,50,2276100
20221118,10:19:33,18428.40,150,2276100
20221118,10:19:35,18428.65,150,2276100
20221118,10:19:39,18428.85,150,2276100
20221118,10:19:40,18428.95,50,2276100
20221118,10:19:41,18429.20,50,2276100
20221118,10:19:47,18429.00,50,2276100
20221118,10:19:49,18429.10,100,2276100
20221118,10:19:54,18428.00,50,2276100
20221118,10:19:57,18429.20,150,2276100
20221118,10:20:00,18429.75,150,2276100
20221118,10:20:02,18432.55,50,2276100
20221118,10:20:03,18431.25,150,2276100
20221118,10:20:05,18431.50,150,2276100
20221118,10:20:06,18432.60,50,2276100
20221118,10:20:07,18432.65,50,2276100
20221118,10:20:09,18431.65,150,2276100
20221118,10:20:10,18434.00,300,2276100
20221118,10:20:11,18434.75,100,2276100
20221118,10:20:12,18432.65,100,2276100
20221118,10:20:14,18433.25,50,2276100
20221118,10:20:17,18433.10,50,2276100
20221118,10:20:18,18430.25,50,2276100
20221118,10:20:19,18430.45,50,2276100
20221118,10:20:25,18430.95,50,2276100
20221118,10:20:33,18433.50,50,2276100
20221118,10:20:34,18432.00,100,2276100
20221118,10:20:36,18433.50,50,2276100
20221118,10:20:37,18432.50,100,2276100
20221118,10:20:38,18435.30,500,2276100
20221118,10:20:40,18432.80,50,2272300
20221118,10:20:42,18435.30,50,2272300
20221118,10:20:44,18432.20,100,2272300
20221118,10:20:45,18434.55,50,2272300
20221118,10:20:46,18434.95,50,2272300
20221118,10:20:53,18435.00,150,2272300
20221118,10:21:00,18434.95,50,2272300
20221118,10:21:03,18434.95,50,2272300
20221118,10:21:07,18434.90,50,2272300
20221118,10:21:08,18434.95,1050,2272300
20221118,10:21:09,18434.85,50,2272300
20221118,10:21:11,18434.85,100,2272300
20221118,10:21:17,18432.80,50,2272300
20221118,10:21:19,18430.00,500,2272300
20221118,10:21:21,18432.30,50,2272300
20221118,10:21:25,18432.00,100,2272300
20221118,10:21:26,18432.60,50,2272300
20221118,10:21:35,18433.00,50,2272300
20221118,10:21:40,18432.30,50,2272300
20221118,10:21:42,18430.00,50,2272300
20221118,10:21:45,18432.15,50,2272300
20221118,10:21:46,18430.65,100,2272300
20221118,10:21:49,18427.70,100,2272300
20221118,10:21:52,18427.55,50,2272300
20221118,10:21:55,18431.05,50,2272300
20221118,10:21:58,18429.05,100,2272300
20221118,10:21:59,18429.20,100,2272300
20221118,10:22:08,18431.00,50,2272300
20221118,10:22:14,18429.25,50,2272300
20221118,10:22:16,18429.85,50,2272300
20221118,10:22:17,18429.90,50,2272300
20221118,10:22:20,18429.90,100,2272300
20221118,10:22:22,18429.85,50,2272300
20221118,10:22:24,18429.85,50,2272300
20221118,10:22:26,18429.85,50,2272300
20221118,10:22:30,18429.85,200,2272300
20221118,10:22:33,18428.60,50,2272300
20221118,10:22:34,18429.95,50,2272300
20221118,10:22:45,18430.00,50,2272300
20221118,10:22:46,18430.10,50,2272300
20221118,10:22:49,18429.95,50,2272300
20221118,10:22:54,18429.95,150,2272300
20221118,10:22:57,18430.00,50,2272300
20221118,10:23:01,18429.95,100,2272300
20221118,10:23:03,18429.95,100,2272300
20221118,10:23:06,18429.35,50,2272300
20221118,10:23:10,18429.95,50,2272300
20221118,10:23:17,18429.50,50,2272300
20221118,10:23:28,18429.50,100,2272300
20221118,10:23:34,18429.50,50,2272300
20221118,10:23:36,18429.00,100,2272300
20221118,10:23:39,18426.80,350,2272300
20221118,10:23:45,18429.90,100,2272600
20221118,10:23:47,18429.95,50,2272600
20221118,10:24:07,18430.95,50,2272600
20221118,10:24:22,18430.00,50,2272600
20221118,10:24:23,18430.00,50,2272600
20221118,10:24:33,18430.00,100,2272600
20221118,10:24:37,18430.00,250,2272600
20221118,10:24:39,18430.00,50,2272600
20221118,10:24:45,18430.95,100,2272600
20221118,10:24:52,18430.95,100,2272600
20221118,10:24:55,18431.00,50,2272600
20221118,10:24:57,18432.60,100,2272600
20221118,10:25:07,18431.50,600,2272600
20221118,10:25:09,18432.95,100,2272600
20221118,10:25:26,18432.10,350,2272600
20221118,10:25:29,18433.00,50,2272600
20221118,10:25:30,18433.00,50,2272600
20221118,10:25:36,18433.00,800,2272600
20221118,10:25:37,18437.30,2150,2272600
20221118,10:25:38,18437.30,100,2272600
20221118,10:25:40,18437.35,50,2272600
20221118,10:25:43,18437.35,50,2272600
20221118,10:25:44,18436.80,250,2272600
20221118,10:25:45,18437.55,250,2272600
20221118,10:25:48,18440.00,300,2272600
20221118,10:25:51,18441.00,50,2272600
20221118,10:25:57,18441.00,100,2272600
20221118,10:25:59,18441.00,400,2272600
20221118,10:26:00,18441.05,200,2272600
20221118,10:26:01,18440.60,150,2272600
20221118,10:26:02,18436.45,100,2272600
20221118,10:26:05,18436.00,250,2272600
20221118,10:26:12,18438.60,50,2272600
20221118,10:26:14,18438.60,100,2272600
20221118,10:26:15,18436.00,150,2272600
20221118,10:26:21,18438.95,50,2272600
20221118,10:26:28,18437.00,50,2272600
20221118,10:26:32,18438.55,50,2272600
20221118,10:26:39,18437.90,50,2272600
20221118,10:26:46,18436.05,100,2270100
20221118,10:26:47,18436.00,50,2270100
20221118,10:26:50,18437.00,50,2270100
20221118,10:26:53,18436.95,50,2270100
20221118,10:26:54,18435.75,50,2270100
20221118,10:26:56,18435.75,100,2270100
20221118,10:27:04,18435.20,50,2270100
20221118,10:27:05,18435.00,50,2270100
20221118,10:27:07,18435.00,50,2270100
20221118,10:27:09,18435.00,50,2270100
20221118,10:27:10,18435.00,50,2270100
20221118,10:27:12,18435.15,50,2270100
20221118,10:27:14,18435.00,300,2270100
20221118,10:27:15,18435.00,200,2270100
20221118,10:27:16,18433.00,400,2270100
20221118,10:27:21,18434.25,100,2270100
20221118,10:27:22,18434.25,50,2270100
20221118,10:27:23,18434.30,50,2270100
20221118,10:27:26,18434.30,50,2270100
20221118,10:27:29,18434.90,500,2270100
20221118,10:27:34,18435.00,150,2270100
20221118,10:27:41,18433.00,50,2270100
20221118,10:27:45,18433.00,100,2270100
20221118,10:27:46,18433.00,50,2270100
20221118,10:27:47,18432.75,150,2270100
20221118,10:27:48,18433.00,200,2270100
20221118,10:27:51,18433.00,100,2270100
20221118,10:27:54,18434.85,150,2270100
20221118,10:27:55,18435.00,50,2270100
20221118,10:27:56,18435.00,50,2270100
20221118,10:27:58,18435.95,50,2270100
20221118,10:28:00,18436.00,50,2270100
20221118,10:28:03,18435.85,50,2270100
20221118,10:28:08,18437.00,50,2270100
20221118,10:28:09,18436.80,150,2270100
20221118,10:28:11,18437.20,100,2270100
20221118,10:28:16,18438.55,50,2270100
20221118,10:28:21,18438.55,450,2270100
20221118,10:28:22,18438.55,50,2270100
20221118,10:28:23,18438.55,250,2270100
20221118,10:28:24,18439.00,200,2270100
20221118,10:28:27,18439.00,400,2270100
20221118,10:28:28,18440.00,150,2270100
20221118,10:28:35,18438.55,100,2270100
20221118,10:28:37,18439.15,600,2270100
20221118,10:28:40,18440.00,1000,2270100
20221118,10:28:41,18436.25,500,2270100
20221118,10:28:42,18438.55,50,2270100
20221118,10:28:48,18439.30,100,2270100
20221118,10:28:55,18439.25,50,2270100
20221118,10:29:00,18439.00,100,2270100
20221118,10:29:11,18437.00,50,2270100
20221118,10:29:14,18438.35,250,2270100
20221118,10:29:16,18437.00,50,2270100
20221118,10:29:17,18437.00,50,2270100
20221118,10:29:20,18437.00,100,2270100
20221118,10:29:21,18437.00,200,2270100
20221118,10:29:22,18437.60,100,2270100
20221118,10:29:25,18437.35,100,2270100
20221118,10:29:27,18437.40,100,2270100
20221118,10:29:29,18437.35,150,2270100
20221118,10:29:34,18435.00,100,2270100
20221118,10:29:36,18437.40,50,2270100
20221118,10:29:42,18435.00,150,2269200
20221118,10:29:48,18435.00,100,2269200
20221118,10:29:51,18435.00,150,2269200
20221118,10:29:52,18435.00,50,2269200
20221118,10:29:56,18435.15,50,2269200
20221118,10:29:58,18435.00,200,2269200
20221118,10:29:59,18436.55,200,2269200
20221118,10:30:00,18435.35,50,2269200
20221118,10:30:07,18435.00,50,2269200
20221118,10:30:09,18435.00,150,2269200
20221118,10:30:13,18435.35,50,2269200
20221118,10:30:16,18435.35,50,2269200
20221118,10:30:17,18435.35,50,2269200
20221118,10:30:18,18435.40,50,2269200
20221118,10:30:26,18435.40,50,2269200
20221118,10:30:30,18435.00,150,2269200
20221118,10:30:31,18435.00,200,2269200
20221118,10:30:32,18435.10,50,2269200
20221118,10:30:33,18435.00,300,2269200
20221118,10:30:35,18434.00,50,2269200
20221118,10:30:43,18435.60,50,2269200
20221118,10:30:44,18435.40,100,2269200
20221118,10:30:45,18435.40,100,2269200
20221118,10:30:50,18436.40,50,2269200
20221118,10:31:03,18437.00,50,2269200
20221118,10:31:14,18436.00,250,2269200
20221118,10:31:20,18436.00,150,2269200
20221118,10:31:30,18434.45,50,2269200
20221118,10:31:49,18434.45,100,2269200
20221118,10:31:56,18434.45,50,2269200
20221118,10:31:58,18432.00,50,2269200
20221118,10:31:59,18431.75,200,2269200
20221118,10:32:01,18434.45,50,2269200
20221118,10:32:06,18432.95,50,2269200
20221118,10:32:13,18434.00,50,2269200
20221118,10:32:22,18434.00,350,2269200
20221118,10:32:26,18435.00,100,2269200
20221118,10:32:29,18435.00,100,2269200
20221118,10:32:31,18435.00,50,2269200
20221118,10:32:37,18435.00,100,2269200
20221118,10:32:39,18435.15,50,2269200
20221118,10:32:43,18435.00,50,2269050
20221118,10:32:44,18434.00,900,2269050
20221118,10:32:52,18432.85,50,2269050
20221118,10:33:04,18432.00,100,2269050
20221118,10:33:06,18432.00,50,2269050
20221118,10:33:09,18432.00,50,2269050
20221118,10:33:10,18431.30,150,2269050
20221118,10:33:12,18432.00,50,2269050
20221118,10:33:19,18431.25,50,2269050
20221118,10:33:32,18432.00,50,2269050
20221118,10:33:34,18432.80,50,2269050
20221118,10:33:35,18432.80,200,2269050
20221118,10:33:44,18431.95,50,2269050
20221118,10:33:57,18430.80,100,2269050
20221118,10:34:02,18430.00,150,2269050
20221118,10:34:08,18430.00,50,2269050
20221118,10:34:12,18430.00,150,2269050
20221118,10:34:20,18428.50,50,2269050
20221118,10:34:28,18428.50,50,2269050
20221118,10:34:32,18428.50,50,2269050
20221118,10:34:33,18429.90,150,2269050
20221118,10:34:34,18429.90,50,2269050
20221118,10:34:39,18429.70,50,2269050
20221118,10:34:40,18427.00,100,2269050
20221118,10:34:42,18427.20,50,2269050
20221118,10:34:43,18428.65,150,2269050
20221118,10:34:44,18429.15,50,2269050
20221118,10:34:53,18427.80,50,2269050
20221118,10:34:54,18427.80,1500,2269050
20221118,10:34:56,18425.25,150,2269050
20221118,10:35:00,18425.20,100,2269050
20221118,10:35:05,18425.90,50,2269050
20221118,10:35:05,18426.10,50,2269050
20221118,10:35:10,18428.95,50,2269050
20221118,10:35:15,18428.05,50,2269050
20221118,10:35:21,18425.00,50,2269050
20221118,10:35:24,18426.25,200,2269050
20221118,10:35:25,18425.00,100,2269050
20221118,10:35:32,18426.25,50,2269050
20221118,10:35:33,18425.00,350,2269050
20221118,10:35:35,18425.00,100,2269050
20221118,10:35:36,18425.00,50,2269050
20221118,10:35:40,18423.65,50,2269050
20221118,10:35:41,18425.05,150,2269050
20221118,10:35:42,18425.00,150,2270450
20221118,10:35:43,18425.05,50,2270450
20221118,10:35:47,18423.90,150,2270450
20221118,10:35:48,18425.05,250,2270450
20221118,10:35:51,18425.10,250,2270450
20221118,10:35:59,18426.25,50,2270450
20221118,10:36:09,18426.25,50,2270450
20221118,10:36:16,18426.35,50,2270450
20221118,10:36:25,18425.40,50,2270450
20221118,10:36:26,18426.00,50,2270450
20221118,10:36:35,18426.95,150,2270450
20221118,10:36:42,18425.10,50,2270450
20221118,10:36:42,18426.20,50,2270450
20221118,10:36:43,18426.00,50,2270450
20221118,10:36:44,18423.75,250,2270450
20221118,10:36:48,18424.85,50,2270450
20221118,10:36:53,18424.00,500,2270450
20221118,10:36:58,18423.00,50,2270450
20221118,10:37:08,18423.00,50,2270450
20221118,10:37:09,18422.20,250,2270450
20221118,10:37:10,18422.30,100,2270450
20221118,10:37:11,18419.90,3200,2270450
20221118,10:37:12,18418.00,150,2270450
20221118,10:37:13,18416.15,150,2270450
20221118,10:37:14,18415.30,400,2270450
20221118,10:37:17,18415.05,500,2270450
20221118,10:37:18,18415.05,50,2270450
20221118,10:37:20,18415.05,150,2270450
20221118,10:37:21,18415.00,450,2270450
20221118,10:37:23,18415.00,50,2270450
20221118,10:37:25,18415.95,50,2270450
20221118,10:37:27,18418.10,50,2270450
20221118,10:37:30,18416.65,700,2270450
20221118,10:37:31,18415.00,700,2270450
20221118,10:37:32,18415.00,900,2270450
20221118,10:37:33,18415.00,450,2270450
20221118,10:37:34,18415.00,300,2270450
20221118,10:37:36,18411.75,600,2270450
20221118,10:37:37,18408.20,1200,2270450
20221118,10:37:38,18408.20,100,2270450
20221118,10:37:39,18408.00,400,2270450
20221118,10:37:40,18407.00,100,2270450
20221118,10:37:41,18406.65,200,2270450
20221118,10:37:42,18406.00,350,2270450
20221118,10:37:43,18409.15,50,2270450
20221118,10:37:44,18408.35,550,2270450
20221118,10:37:46,18405.05,300,2270450
20221118,10:37:47,18405.00,150,2270450
20221118,10:37:48,18405.00,100,2270450
20221118,10:37:49,18404.00,550,2270450
20221118,10:37:50,18404.00,50,2270450
20221118,10:37:51,18407.35,150,2270450
20221118,10:37:52,18406.40,200,2270450
20221118,10:37:53,18403.00,1100,2270450
20221118,10:37:54,18405.00,100,2270450
20221118,10:37:55,18405.00,50,2270450
20221118,10:37:56,18404.45,200,2270450
20221118,10:37:58,18404.75,100,2270450
20221118,10:37:59,18406.00,300,2270450
20221118,10:38:00,18407.85,100,2270450
20221118,10:38:01,18405.20,500,2270450
20221118,10:38:02,18405.15,100,2270450
20221118,10:38:03,18405.15,100,2270450
20221118,10:38:04,18408.00,50,2270450
20221118,10:38:05,18408.35,100,2270450
20221118,10:38:06,18409.00,50,2270450
20221118,10:38:10,18406.80,250,2270450
20221118,10:38:11,18407.70,50,2270450
20221118,10:38:13,18407.65,1050,2270450
20221118,10:38:14,18410.00,50,2270450
20221118,10:38:18,18409.95,100,2270450
20221118,10:38:23,18410.00,50,2270450
20221118,10:38:24,18411.55,50,2270450
20221118,10:38:35,18411.95,50,2270450
20221118,10:38:38,18411.80,50,2270450
20221118,10:38:41,18410.20,100,2270450
20221118,10:38:42,18410.80,50,2270450
20221118,10:38:45,18410.20,50,2268650
20221118,10:38:46,18410.00,100,2268650
20221118,10:38:47,18409.00,150,2268650
20221118,10:38:48,18409.75,150,2268650
20221118,10:38:50,18407.30,50,2268650
20221118,10:38:51,18410.00,50,2268650
20221118,10:38:52,18409.95,100,2268650
20221118,10:38:54,18409.95,100,2268650
20221118,10:38:55,18408.05,100,2268650
20221118,10:38:56,18410.00,50,2268650
20221118,10:39:00,18410.00,300,2268650
20221118,10:39:01,18410.00,600,2268650
20221118,10:39:06,18408.00,50,2268650
20221118,10:39:08,18407.70,100,2268650
20221118,10:39:10,18406.00,200,2268650
20221118,10:39:11,18405.80,150,2268650
20221118,10:39:12,18406.50,150,2268650
20221118,10:39:13,18406.15,50,2268650
20221118,10:39:14,18405.00,100,2268650
20221118,10:39:15,18405.00,100,2268650
20221118,10:39:16,18405.00,50,2268650
20221118,10:39:18,18406.70,600,2268650
20221118,10:39:20,18404.70,150,2268650
20221118,10:39:26,18407.50,350,2268650
20221118,10:39:28,18407.50,200,2268650
20221118,10:39:29,18409.20,100,2268650
20221118,10:39:33,18407.05,50,2268650
20221118,10:39:34,18407.05,50,2268650
20221118,10:39:35,18407.05,50,2268650
20221118,10:39:38,18406.95,150,2268650
20221118,10:39:40,18408.30,50,2268650
20221118,10:39:42,18408.35,100,2268650
20221118,10:39:47,18408.30,50,2268650
20221118,10:39:50,18408.40,100,2268650
20221118,10:39:52,18408.00,100,2268650
20221118,10:39:54,18406.35,50,2268650
20221118,10:39:57,18407.95,100,2268650
20221118,10:40:05,18407.95,100,2268650
20221118,10:40:06,18407.15,50,2268650
20221118,10:40:07,18406.00,200,2268650
20221118,10:40:08,18407.15,50,2268650
20221118,10:40:09,18407.25,50,2268650
20221118,10:40:10,18407.25,50,2268650
20221118,10:40:11,18406.50,250,2268650
20221118,10:40:13,18407.25,250,2268650
20221118,10:40:14,18407.25,50,2268650
20221118,10:40:15,18407.00,50,2268650
20221118,10:40:17,18407.00,400,2268650
20221118,10:40:19,18406.35,50,2268650
20221118,10:40:20,18406.25,50,2268650
20221118,10:40:27,18406.15,150,2268650
20221118,10:40:28,18406.80,50,2268650
20221118,10:40:32,18407.10,850,2268650
20221118,10:40:33,18407.50,100,2268650
20221118,10:40:37,18406.95,100,2268650
20221118,10:40:38,18407.55,150,2268650
20221118,10:40:42,18407.90,50,2268650
20221118,10:40:43,18408.00,50,2268650
20221118,10:40:49,18407.75,50,2268650
20221118,10:40:50,18408.00,500,2268650
20221118,10:40:59,18408.05,200,2268650
20221118,10:41:02,18406.85,150,2268650
20221118,10:41:04,18409.20,50,2268650
20221118,10:41:13,18408.05,100,2268650
20221118,10:41:14,18408.00,50,2268650
20221118,10:41:16,18408.65,50,2268650
20221118,10:41:18,18409.00,200,2268650
20221118,10:41:24,18408.90,200,2268650
20221118,10:41:33,18407.80,50,2268650
20221118,10:41:38,18407.00,100,2268650
20221118,10:41:39,18407.40,100,2268650
20221118,10:41:42,18407.00,50,2268650
20221118,10:41:44,18407.65,50,2265350
20221118,10:41:45,18407.65,50,2265350
20221118,10:41:50,18407.00,200,2265350
20221118,10:41:53,18407.55,50,2265350
20221118,10:41:54,18407.55,50,2265350
20221118,10:41:56,18407.60,50,2265350
20221118,10:42:02,18407.60,50,2265350
20221118,10:42:05,18407.45,100,2265350
20221118,10:42:06,18406.90,50,2265350
20221118,10:42:15,18406.15,50,2265350
20221118,10:42:16,18406.30,200,2265350
20221118,10:42:17,18406.15,50,2265350
20221118,10:42:18,18406.00,100,2265350
20221118,10:42:21,18406.00,50,2265350
20221118,10:42:24,18407.75,400,2265350
20221118,10:42:32,18407.00,50,2265350
20221118,10:42:33,18407.00,100,2265350
20221118,10:42:36,18407.00,50,2265350
20221118,10:42:37,18407.00,350,2265350
20221118,10:42:39,18407.00,50,2265350
20221118,10:42:41,18407.00,500,2265350
20221118,10:42:51,18407.50,50,2265350
20221118,10:42:57,18407.50,50,2265350
20221118,10:42:59,18407.75,150,2265350
20221118,10:43:03,18407.75,250,2265350
20221118,10:43:05,18407.65,50,2265350
20221118,10:43:06,18407.50,100,2265350
20221118,10:43:07,18407.00,150,2265350
20221118,10:43:10,18407.70,100,2265350
20221118,10:43:11,18407.00,150,2265350
20221118,10:43:12,18407.00,200,2265350
20221118,10:43:14,18407.10,50,2265350
20221118,10:43:16,18407.00,150,2265350
20221118,10:43:17,18406.90,100,2265350
20221118,10:43:18,18406.70,50,2265350
20221118,10:43:19,18406.55,50,2265350
20221118,10:43:21,18406.75,50,2265350
20221118,10:43:24,18406.00,50,2265350
20221118,10:43:25,18406.75,100,2265350
20221118,10:43:26,18406.00,100,2265350
20221118,10:43:32,18405.50,100,2265350
20221118,10:43:36,18405.05,100,2265350
20221118,10:43:36,18405.10,50,2265350
20221118,10:43:37,18405.10,50,2265350
20221118,10:43:38,18405.10,50,2265350
20221118,10:43:39,18405.10,250,2265350
20221118,10:43:40,18405.20,1350,2265350
20221118,10:43:42,18405.35,150,2265350
20221118,10:43:42,18405.35,100,2265350
20221118,10:43:43,18405.00,50,2265350
20221118,10:43:45,18407.00,800,2265350
20221118,10:43:46,18407.00,50,2265350
20221118,10:43:48,18405.25,200,2265350
20221118,10:43:55,18405.25,250,2265350
20221118,10:43:58,18405.85,50,2265350
20221118,10:43:59,18405.85,1000,2265350
20221118,10:44:04,18405.85,650,2265350
20221118,10:44:05,18406.40,100,2265350
20221118,10:44:10,18405.00,600,2265350
20221118,10:44:11,18405.00,50,2265350
20221118,10:44:13,18406.45,250,2265350
20221118,10:44:20,18406.50,150,2265350
20221118,10:44:21,18406.95,50,2265350
20221118,10:44:23,18406.00,50,2265350
20221118,10:44:24,18406.40,100,2265350
20221118,10:44:28,18406.40,50,2265350
20221118,10:44:31,18405.55,100,2265350
20221118,10:44:33,18407.00,350,2265350
20221118,10:44:34,18407.90,350,2265350
20221118,10:44:36,18409.15,100,2265350
20221118,10:44:42,18409.00,50,2265350
20221118,10:44:48,18407.20,50,2263250
20221118,10:44:49,18407.85,150,2263250
20221118,10:44:50,18407.85,100,2263250
20221118,10:45:01,18407.20,100,2263250
20221118,10:45:02,18407.95,50,2263250
20221118,10:45:03,18407.85,50,2263250
20221118,10:45:07,18408.05,50,2263250
20221118,10:45:10,18409.50,300,2263250
20221118,10:45:16,18409.50,100,2263250
20221118,10:45:26,18409.50,100,2263250
20221118,10:45:29,18409.50,50,2263250
20221118,10:45:35,18411.95,150,2263250
20221118,10:45:36,18410.35,100,2263250
20221118,10:45:40,18411.70,50,2263250
20221118,10:45:41,18411.70,50,2263250
20221118,10:45:42,18411.70,50,2263250
20221118,10:45:46,18411.00,50,2263250
20221118,10:45:47,18411.25,50,2263250
20221118,10:45:49,18410.95,300,2263250
20221118,10:45:54,18412.00,1050,2263250
20221118,10:45:58,18412.30,100,2263250
20221118,10:45:59,18412.35,50,2263250
20221118,10:46:00,18412.00,100,2263250
20221118,10:46:05,18412.00,400,2263250
20221118,10:46:07,18412.25,50,2263250
20221118,10:46:09,18412.65,100,2263250
20221118,10:46:11,18413.60,50,2263250
20221118,10:46:12,18413.10,250,2263250
20221118,10:46:18,18413.50,50,2263250
20221118,10:46:19,18414.05,50,2263250
20221118,10:46:21,18413.45,200,2263250
20221118,10:46:29,18414.55,50,2263250
20221118,10:46:30,18414.15,50,2263250
20221118,10:46:35,18414.25,150,2263250
20221118,10:46:36,18414.35,100,2263250
20221118,10:46:38,18414.40,100,2263250
20221118,10:46:39,18414.60,50,2263250
20221118,10:46:41,18414.75,50,2263250
20221118,10:46:50,18415.85,950,2263250
20221118,10:46:51,18416.15,50,2263250
20221118,10:46:53,18416.40,150,2263250
20221118,10:46:54,18418.80,50,2263250
20221118,10:46:55,18416.15,200,2263250
20221118,10:47:01,18416.00,50,2263250
20221118,10:47:02,18416.50,50,2263250
20221118,10:47:05,18416.00,50,2263250
20221118,10:47:08,18416.05,100,2263250
20221118,10:47:15,18415.00,200,2263250
20221118,10:47:16,18415.00,50,2263250
20221118,10:47:17,18415.00,50,2263250
20221118,10:47:19,18415.05,50,2263250
20221118,10:47:27,18415.10,50,2263250
20221118,10:47:34,18415.50,50,2263250
20221118,10:47:34,18416.95,100,2263250
20221118,10:47:40,18416.00,250,2263250
20221118,10:47:46,18416.45,100,2262200
20221118,10:47:48,18416.50,50,2262200
20221118,10:47:50,18416.00,50,2262200
20221118,10:47:59,18416.00,50,2262200
20221118,10:48:01,18416.45,50,2262200
20221118,10:48:02,18416.00,50,2262200
20221118,10:48:05,18415.10,100,2262200
20221118,10:48:07,18416.35,700,2262200
20221118,10:48:12,18416.00,200,2262200
20221118,10:48:14,18415.10,50,2262200
20221118,10:48:16,18414.75,300,2262200
20221118,10:48:17,18414.65,50,2262200
20221118,10:48:19,18414.45,50,2262200
20221118,10:48:21,18411.55,50,2262200
20221118,10:48:29,18411.55,150,2262200
20221118,10:48:31,18411.55,200,2262200
20221118,10:48:38,18412.00,100,2262200
20221118,10:48:41,18411.55,50,2262200
20221118,10:48:44,18411.55,200,2262200
20221118,10:48:46,18412.20,50,2262200
20221118,10:48:47,18411.50,50,2262200
20221118,10:48:49,18411.50,300,2262200
20221118,10:48:50,18411.10,50,2262200
20221118,10:48:56,18412.70,100,2262200
20221118,10:48:59,18412.70,50,2262200
20221118,10:49:02,18411.50,100,2262200
20221118,10:49:07,18411.80,50,2262200
20221118,10:49:13,18412.10,50,2262200
20221118,10:49:14,18411.10,100,2262200
20221118,10:49:15,18411.10,50,2262200
20221118,10:49:17,18411.10,50,2262200
20221118,10:49:18,18411.10,100,2262200
20221118,10:49:20,18412.35,150,2262200
20221118,10:49:24,18413.35,150,2262200
20221118,10:49:29,18412.90,50,2262200
20221118,10:49:35,18412.10,150,2262200
20221118,10:49:37,18412.20,50,2262200
20221118,10:49:38,18412.10,300,2262200
20221118,10:49:38,18412.10,100,2262200
20221118,10:49:43,18412.10,50,2262200
20221118,10:49:46,18412.00,200,2262200
20221118,10:49:50,18410.40,200,2262200
20221118,10:49:51,18410.10,100,2262200
20221118,10:49:52,18410.00,150,2262200
20221118,10:49:53,18410.00,250,2262200
20221118,10:50:04,18409.20,50,2262200
20221118,10:50:04,18409.20,100,2262200
20221118,10:50:07,18409.20,50,2262200
20221118,10:50:08,18409.00,50,2262200
20221118,10:50:10,18408.35,50,2262200
20221118,10:50:13,18408.25,150,2262200
20221118,10:50:15,18408.05,100,2262200
20221118,10:50:17,18407.00,100,2262200
20221118,10:50:18,18407.25,50,2262200
20221118,10:50:20,18407.00,50,2262200
20221118,10:50:20,18407.25,50,2262200
20221118,10:50:21,18407.00,50,2262200
20221118,10:50:28,18406.90,100,2262200
20221118,10:50:34,18405.00,100,2262200
20221118,10:50:37,18406.00,150,2262200
20221118,10:50:38,18405.00,350,2262200
20221118,10:50:39,18405.00,50,2262200
20221118,10:50:41,18405.00,50,2262200
20221118,10:50:43,18403.00,600,2262200
20221118,10:50:49,18405.00,50,2262100
20221118,10:50:50,18403.95,500,2262100
20221118,10:50:51,18404.20,50,2262100
20221118,10:51:01,18405.00,450,2262100
20221118,10:51:04,18406.55,50,2262100
20221118,10:51:05,18405.00,50,2262100
20221118,10:51:08,18405.00,50,2262100
20221118,10:51:10,18405.00,250,2262100
20221118,10:51:11,18405.00,50,2262100
20221118,10:51:13,18404.60,50,2262100
20221118,10:51:14,18404.30,50,2262100
20221118,10:51:20,18404.00,50,2262100
20221118,10:51:22,18402.05,300,2262100
20221118,10:51:23,18402.05,50,2262100
20221118,10:51:24,18402.00,100,2262100
20221118,10:51:25,18401.55,150,2262100
20221118,10:51:26,18401.25,100,2262100
20221118,10:51:27,18401.00,700,2262100
20221118,10:51:28,18401.00,400,2262100
20221118,10:51:29,18401.00,50,2262100
20221118,10:51:30,18400.50,300,2262100
20221118,10:51:31,18400.50,50,2262100
20221118,10:51:34,18400.10,100,2262100
20221118,10:51:35,18400.05,200,2262100
20221118,10:51:36,18400.00,500,2262100
20221118,10:51:38,18400.00,150,2262100
20221118,10:51:48,18400.00,50,2262100
20221118,10:51:51,18400.65,50,2262100
20221118,10:51:52,18401.00,1250,2262100
20221118,10:51:53,18401.05,1600,2262100
20221118,10:51:54,18400.80,100,2262100
20221118,10:51:55,18400.80,50,2262100
20221118,10:51:59,18402.00,50,2262100
20221118,10:52:05,18401.85,300,2262100
20221118,10:52:08,18401.00,50,2262100
20221118,10:52:09,18401.35,50,2262100
20221118,10:52:10,18401.00,50,2262100
20221118,10:52:14,18401.00,50,2262100
20221118,10:52:15,18401.35,50,2262100
20221118,10:52:16,18401.35,50,2262100
20221118,10:52:17,18401.00,50,2262100
20221118,10:52:19,18401.00,150,2262100
20221118,10:52:20,18401.25,250,2262100
20221118,10:52:21,18401.00,150,2262100
20221118,10:52:24,18401.30,50,2262100
20221118,10:52:30,18401.35,100,2262100
20221118,10:52:32,18401.80,50,2262100
20221118,10:52:33,18401.45,50,2262100
20221118,10:52:34,18401.80,50,2262100
20221118,10:52:39,18401.50,100,2262100
20221118,10:52:41,18401.50,100,2262100
20221118,10:52:42,18401.00,100,2262100
20221118,10:52:51,18401.05,150,2262100
20221118,10:52:55,18402.05,50,2262100
20221118,10:52:57,18401.95,50,2262100
20221118,10:53:09,18401.50,50,2262100
20221118,10:53:13,18401.50,100,2262100
20221118,10:53:15,18402.20,50,2262100
20221118,10:53:17,18401.00,200,2262100
20221118,10:53:20,18401.05,50,2262100
20221118,10:53:21,18401.50,50,2262100
20221118,10:53:22,18400.70,150,2262100
20221118,10:53:23,18401.50,50,2262100
20221118,10:53:26,18402.85,50,2262100
20221118,10:53:32,18404.00,150,2262100
20221118,10:53:39,18405.35,500,2262100
20221118,10:53:41,18405.75,50,2262100
20221118,10:53:46,18405.00,50,2262100
20221118,10:53:52,18404.00,100,2262800
20221118,10:53:53,18404.95,50,2262800
20221118,10:53:57,18404.80,500,2262800
20221118,10:54:00,18404.85,100,2262800
20221118,10:54:04,18404.00,100,2262800
20221118,10:54:05,18404.35,50,2262800
20221118,10:54:18,18402.50,300,2262800
20221118,10:54:20,18402.00,200,2262800
20221118,10:54:21,18402.00,750,2262800
20221118,10:54:30,18401.20,100,2262800
20221118,10:54:34,18401.15,50,2262800
20221118,10:54:36,18401.00,50,2262800
20221118,10:54:39,18400.65,50,2262800
20221118,10:54:40,18400.00,100,2262800
20221118,10:54:42,18401.15,300,2262800
20221118,10:54:46,18400.00,50,2262800
20221118,10:54:48,18400.10,100,2262800
20221118,10:54:49,18400.00,500,2262800
20221118,10:54:53,18400.00,200,2262800
20221118,10:54:58,18401.15,50,2262800
20221118,10:54:59,18400.00,50,2262800
20221118,10:55:01,18400.00,500,2262800
20221118,10:55:05,18401.20,350,2262800
20221118,10:55:06,18402.00,150,2262800
20221118,10:55:10,18401.50,50,2262800
20221118,10:55:12,18403.55,100,2262800
20221118,10:55:14,18401.95,150,2262800
20221118,10:55:17,18402.00,50,2262800
20221118,10:55:22,18403.15,50,2262800
20221118,10:55:26,18400.50,50,2262800
20221118,10:55:27,18400.85,50,2262800
20221118,10:55:38,18403.35,50,2262800
20221118,10:55:39,18403.50,100,2262800
20221118,10:55:41,18402.00,100,2262800
20221118,10:55:48,18403.55,100,2262800
20221118,10:55:50,18403.60,50,2262800
20221118,10:55:51,18403.60,100,2262800
20221118,10:55:54,18403.55,100,2262800
20221118,10:56:09,18403.55,250,2262800
20221118,10:56:10,18403.50,50,2262800
20221118,10:56:13,18403.50,250,2262800
20221118,10:56:16,18403.50,50,2262800
20221118,10:56:17,18403.60,300,2262800
20221118,10:56:22,18403.60,250,2262800
20221118,10:56:24,18404.00,100,2262800
20221118,10:56:25,18404.70,250,2262800
20221118,10:56:26,18406.90,300,2262800
20221118,10:56:27,18406.75,450,2262800
20221118,10:56:28,18406.95,300,2262800
20221118,10:56:30,18407.50,550,2262800
20221118,10:56:31,18404.15,50,2262800
20221118,10:56:33,18406.00,200,2262800
20221118,10:56:36,18407.40,100,2262800
20221118,10:56:37,18407.40,100,2262800
20221118,10:56:39,18406.15,100,2262800
20221118,10:56:41,18406.15,100,2262800
20221118,10:56:42,18407.60,500,2262800
20221118,10:56:43,18406.00,50,2262800
20221118,10:56:44,18406.00,100,2262800
20221118,10:56:46,18406.05,50,2262800
20221118,10:56:48,18406.05,100,2260450
20221118,10:56:52,18406.05,100,2260450
20221118,10:56:53,18406.95,150,2260450
20221118,10:56:55,18408.55,50,2260450
20221118,10:56:58,18409.25,100,2260450
20221118,10:57:01,18407.90,150,2260450
20221118,10:57:02,18406.00,50,2260450
20221118,10:57:04,18406.00,100,2260450
20221118,10:57:06,18407.75,50,2260450
20221118,10:57:06,18407.55,350,2260450
20221118,10:57:17,18407.95,1050,2260450
20221118,10:57:19,18406.00,200,2260450
20221118,10:57:23,18407.55,100,2260450
20221118,10:57:25,18407.05,100,2260450
20221118,10:57:27,18406.70,100,2260450
20221118,10:57:29,18406.50,100,2260450
20221118,10:57:31,18406.00,450,2260450
20221118,10:57:32,18406.00,50,2260450
20221118,10:57:35,18406.00,450,2260450
20221118,10:57:38,18405.10,50,2260450
20221118,10:57:47,18405.00,200,2260450
20221118,10:57:51,18404.50,50,2260450
20221118,10:57:52,18403.75,50,2260450
20221118,10:57:59,18403.20,50,2260450
20221118,10:58:01,18403.20,100,2260450
20221118,10:58:09,18403.00,50,2260450
20221118,10:58:11,18403.00,850,2260450
20221118,10:58:13,18402.80,200,2260450
20221118,10:58:14,18402.00,50,2260450
20221118,10:58:15,18402.00,50,2260450
20221118,10:58:18,18399.05,4050,2260450
20221118,10:58:19,18396.15,850,2260450
20221118,10:58:20,18394.00,2800,2260450
20221118,10:58:21,18391.00,100,2260450
20221118,10:58:24,18391.00,50,2260450
20221118,10:58:25,18391.85,300,2260450
20221118,10:58:28,18391.85,150,2260450
20221118,10:58:30,18394.05,50,2260450
20221118,10:58:33,18394.05,50,2260450
20221118,10:58:35,18397.50,600,2260450
20221118,10:58:38,18396.10,50,2260450
20221118,10:58:39,18395.70,50,2260450
20221118,10:58:40,18393.95,250,2260450
20221118,10:58:41,18396.20,50,2260450
20221118,10:58:42,18396.90,50,2260450
20221118,10:58:46,18396.55,50,2260450
20221118,10:58:50,18395.05,50,2260450
20221118,10:58:55,18396.65,150,2260450
20221118,10:58:57,18396.75,50,2260450
20221118,10:59:01,18395.05,100,2260450
20221118,10:59:04,18397.00,50,2260450
20221118,10:59:08,18395.50,50,2260450
20221118,10:59:09,18397.30,400,2260450
20221118,10:59:11,18397.15,100,2260450
20221118,10:59:16,18395.50,400,2260450
20221118,10:59:21,18395.50,200,2260450
20221118,10:59:22,18397.15,250,2260450
20221118,10:59:23,18397.15,150,2260450
20221118,10:59:25,18397.15,100,2260450
20221118,10:59:26,18397.15,250,2260450
20221118,10:59:28,18397.15,100,2260450
20221118,10:59:29,18397.20,50,2260450
20221118,10:59:31,18397.15,200,2260450
20221118,10:59:32,18397.20,50,2260450
20221118,10:59:33,18397.20,250,2260450
20221118,10:59:33,18397.40,50,2260450
20221118,10:59:36,18397.40,50,2260450
20221118,10:59:44,18397.20,150,2260450
20221118,10:59:45,18397.40,400,2260450
20221118,10:59:49,18397.45,100,2262450
20221118,10:59:50,18397.40,50,2262450
20221118,10:59:54,18397.50,50,2262450
20221118,10:59:55,18397.30,50,2262450
20221118,10:59:56,18398.00,100,2262450
20221118,10:59:59,18397.50,50,2262450
20221118,11:00:01,18398.00,50,2262450
20221118,11:00:03,18397.20,50,2262450
20221118,11:00:05,18397.20,200,2262450
20221118,11:00:07,18397.20,150,2262450
20221118,11:00:08,18397.75,150,2262450
20221118,11:00:09,18398.20,1200,2262450
20221118,11:00:11,18397.20,50,2262450
20221118,11:00:13,18397.20,50,2262450
20221118,11:00:14,18397.00,100,2262450
20221118,11:00:18,18395.15,100,2262450
20221118,11:00:20,18391.85,100,2262450
20221118,11:00:21,18393.95,50,2262450
20221118,11:00:22,18391.90,1000,2262450
20221118,11:00:25,18393.80,200,2262450
20221118,11:00:26,18392.30,1600,2262450
20221118,11:00:27,18392.45,150,2262450
20221118,11:00:31,18392.00,1000,2262450
20221118,11:00:32,18392.50,200,2262450
20221118,11:00:34,18394.00,50,2262450
20221118,11:00:37,18393.80,150,2262450
20221118,11:00:41,18395.05,50,2262450
20221118,11:00:47,18394.00,100,2262450
20221118,11:00:48,18394.00,300,2262450
20221118,11:00:50,18391.40,50,2262450
20221118,11:00:55,18393.15,50,2262450
20221118,11:00:56,18391.90,150,2262450
20221118,11:00:57,18391.90,400,2262450
20221118,11:00:59,18391.90,50,2262450
20221118,11:01:02,18393.00,50,2262450
20221118,11:01:04,18391.90,50,2262450
20221118,11:01:08,18391.40,50,2262450
20221118,11:01:09,18391.00,50,2262450
20221118,11:01:12,18390.50,600,2262450
20221118,11:01:13,18390.50,50,2262450
20221118,11:01:15,18390.25,50,2262450
20221118,11:01:16,18390.25,50,2262450
20221118,11:01:19,18390.10,50,2262450
20221118,11:01:20,18390.00,150,2262450
20221118,11:01:21,18390.00,50,2262450
20221118,11:01:24,18392.00,50,2262450
20221118,11:01:25,18392.00,100,2262450
20221118,11:01:28,18390.10,100,2262450
20221118,11:01:29,18391.45,100,2262450
20221118,11:01:31,18390.55,100,2262450
20221118,11:01:32,18390.55,50,2262450
20221118,11:01:33,18385.00,2600,2262450
20221118,11:01:34,18385.00,50,2262450
20221118,11:01:35,18388.05,50,2262450
20221118,11:01:37,18391.45,50,2262450
20221118,11:01:41,18391.00,50,2262450
20221118,11:01:42,18388.85,50,2262450
20221118,11:01:49,18390.05,50,2262450
20221118,11:01:54,18390.55,50,2262450
20221118,11:01:55,18391.00,100,2262450
20221118,11:01:59,18390.10,50,2262450
20221118,11:02:01,18389.45,50,2262450
20221118,11:02:06,18388.95,50,2262450
20221118,11:02:07,18388.75,150,2262450
20221118,11:02:08,18388.75,50,2262450
20221118,11:02:09,18385.00,50,2262450
20221118,11:02:10,18386.10,900,2262450
20221118,11:02:12,18386.00,50,2262450
20221118,11:02:13,18384.05,50,2262450
20221118,11:02:14,18384.05,100,2262450
20221118,11:02:15,18384.05,150,2262450
20221118,11:02:16,18385.90,200,2262450
20221118,11:02:18,18386.95,250,2262450
20221118,11:02:19,18384.40,150,2262450
20221118,11:02:20,18384.40,50,2262450
20221118,11:02:21,18386.85,150,2262450
20221118,11:02:22,18385.10,50,2262450
20221118,11:02:24,18385.00,250,2262450
20221118,11:02:25,18384.05,50,2262450
20221118,11:02:27,18386.15,200,2262450
20221118,11:02:28,18384.10,400,2262450
20221118,11:02:29,18384.05,300,2262450
20221118,11:02:30,18384.05,300,2262450
20221118,11:02:31,18386.90,300,2262450
20221118,11:02:32,18384.30,50,2262450
20221118,11:02:33,18386.90,150,2262450
20221118,11:02:34,18386.65,250,2262450
20221118,11:02:35,18385.20,150,2262450
20221118,11:02:36,18385.10,200,2262450
20221118,11:02:37,18385.95,50,2262450
20221118,11:02:42,18385.95,350,2262450
20221118,11:02:47,18384.05,50,2262450
20221118,11:02:48,18384.25,100,2262450
20221118,11:02:51,18385.00,50,2262450
20221118,11:02:52,18384.85,150,2263000
20221118,11:02:54,18385.95,200,2263000
20221118,11:02:55,18386.00,100,2263000
20221118,11:02:56,18386.00,100,2263000
20221118,11:02:59,18385.15,50,2263000
20221118,11:03:01,18386.50,950,2263000
20221118,11:03:04,18385.40,100,2263000
20221118,11:03:06,18384.00,2500,2263000
20221118,11:03:07,18382.80,1250,2263000
20221118,11:03:12,18382.40,100,2263000
20221118,11:03:13,18382.40,50,2263000
20221118,11:03:14,18382.10,300,2263000
20221118,11:03:19,18382.10,50,2263000
20221118,11:03:20,18384.00,50,2263000
20221118,11:03:24,18384.30,50,2263000
20221118,11:03:25,18384.45,50,2263000
20221118,11:03:26,18386.50,150,2263000
20221118,11:03:27,18384.25,100,2263000
20221118,11:03:33,18386.00,150,2263000
20221118,11:03:34,18384.60,50,2263000
20221118,11:03:35,18386.00,50,2263000
20221118,11:03:36,18386.60,50,2263000
20221118,11:03:37,18386.70,50,2263000
20221118,11:03:41,18386.85,100,2263000
20221118,11:03:43,18386.00,100,2263000
20221118,11:03:44,18386.90,100,2263000
20221118,11:03:47,18387.75,600,2263000
20221118,11:03:48,18386.90,50,2263000
20221118,11:03:52,18386.20,100,2263000
20221118,11:03:53,18387.90,100,2263000
20221118,11:03:54,18388.00,100,2263000
20221118,11:03:55,18389.00,200,2263000
20221118,11:03:58,18386.85,100,2263000
20221118,11:04:00,18388.00,50,2263000
20221118,11:04:01,18386.85,50,2263000
20221118,11:04:02,18387.95,50,2263000
20221118,11:04:03,18386.95,500,2263000
20221118,11:04:05,18386.75,50,2263000
20221118,11:04:07,18386.75,100,2263000
20221118,11:04:09,18386.00,200,2263000
20221118,11:04:10,18385.00,50,2263000
20221118,11:04:11,18385.00,200,2263000
20221118,11:04:13,18385.10,50,2263000
20221118,11:04:15,18386.00,50,2263000
20221118,11:04:16,18386.00,50,2263000
20221118,11:04:18,18385.95,50,2263000
20221118,11:04:20,18385.95,100,2263000
20221118,11:04:23,18385.95,50,2263000
20221118,11:04:24,18385.95,50,2263000
20221118,11:04:25,18385.95,50,2263000
20221118,11:04:28,18385.95,100,2263000
20221118,11:04:31,18385.95,150,2263000
20221118,11:04:35,18385.00,150,2263000
20221118,11:04:38,18385.50,50,2263000
20221118,11:04:39,18384.60,250,2263000
20221118,11:04:44,18384.55,200,2263000
20221118,11:04:51,18383.70,150,2263000
20221118,11:04:52,18384.60,100,2263000
20221118,11:04:54,18384.60,100,2263000
20221118,11:04:57,18384.00,50,2263000
20221118,11:04:59,18384.00,200,2263000
20221118,11:05:09,18382.25,50,2263000
20221118,11:05:11,18382.50,200,2263000
20221118,11:05:12,18382.00,150,2263000
20221118,11:05:16,18381.95,50,2263000
20221118,11:05:20,18381.05,100,2263000
20221118,11:05:21,18381.95,150,2263000
20221118,11:05:21,18381.95,50,2263000
20221118,11:05:22,18382.00,50,2263000
20221118,11:05:23,18382.00,100,2263000
20221118,11:05:24,18381.95,250,2263000
20221118,11:05:25,18382.00,100,2263000
20221118,11:05:27,18382.40,150,2263000
20221118,11:05:30,18382.40,100,2263000
20221118,11:05:31,18381.05,200,2263000
20221118,11:05:32,18382.30,50,2263000
20221118,11:05:33,18383.85,50,2263000
20221118,11:05:37,18382.90,150,2263000
20221118,11:05:43,18382.95,100,2263000
20221118,11:05:44,18382.30,50,2263000
20221118,11:05:45,18382.20,200,2263000
20221118,11:05:46,18380.25,350,2263000
20221118,11:05:47,18378.60,1400,2263000
20221118,11:05:48,18378.60,100,2263000
20221118,11:05:50,18378.60,50,2263200
20221118,11:05:51,18379.45,100,2263200
20221118,11:05:52,18379.45,50,2263200
20221118,11:05:54,18379.90,50,2263200
20221118,11:05:57,18379.90,100,2263200
20221118,11:05:58,18379.90,50,2263200
20221118,11:05:59,18379.10,50,2263200
20221118,11:06:00,18379.10,150,2263200
20221118,11:06:01,18379.95,50,2263200
20221118,11:06:04,18379.90,250,2263200
20221118,11:06:06,18378.60,100,2263200
20221118,11:06:07,18380.00,50,2263200
20221118,11:06:08,18379.95,50,2263200
20221118,11:06:09,18379.95,200,2263200
20221118,11:06:10,18379.40,150,2263200
20221118,11:06:11,18379.45,150,2263200
20221118,11:06:13,18380.00,200,2263200
20221118,11:06:14,18380.00,250,2263200
20221118,11:06:15,18380.00,150,2263200
20221118,11:06:16,18380.00,100,2263200
20221118,11:06:18,18380.70,100,2263200
20221118,11:06:18,18380.75,50,2263200
20221118,11:06:19,18381.25,100,2263200
20221118,11:06:20,18380.00,1700,2263200
20221118,11:06:21,18379.45,100,2263200
20221118,11:06:24,18380.00,50,2263200
20221118,11:06:24,18381.05,50,2263200
20221118,11:06:25,18381.35,50,2263200
20221118,11:06:29,18382.00,1050,2263200
20221118,11:06:29,18382.35,100,2263200
20221118,11:06:30,18382.55,2050,2263200
20221118,11:06:31,18383.40,1250,2263200
20221118,11:06:32,18383.15,1450,2263200
20221118,11:06:34,18382.65,50,2263200
20221118,11:06:35,18382.85,100,2263200
20221118,11:06:39,18384.00,50,2263200
20221118,11:06:40,18384.95,600,2263200
20221118,11:06:41,18382.90,50,2263200
20221118,11:06:44,18385.00,200,2263200
20221118,11:06:45,18384.10,50,2263200
20221118,11:06:46,18382.90,50,2263200
20221118,11:06:52,18384.40,50,2263200
20221118,11:06:54,18384.00,50,2263200
20221118,11:06:56,18383.00,50,2263200
20221118,11:07:01,18384.00,50,2263200
20221118,11:07:02,18383.00,50,2263200
20221118,11:07:03,18383.85,150,2263200
20221118,11:07:08,18383.85,150,2263200
20221118,11:07:19,18383.95,100,2263200
20221118,11:07:20,18384.00,100,2263200
20221118,11:07:21,18384.00,100,2263200
20221118,11:07:23,18384.95,50,2263200
20221118,11:07:24,18385.00,50,2263200
20221118,11:07:25,18384.95,50,2263200
20221118,11:07:27,18385.00,100,2263200
20221118,11:07:30,18386.40,100,2263200
20221118,11:07:32,18386.40,50,2263200
20221118,11:07:34,18386.40,50,2263200
20221118,11:07:35,18387.15,100,2263200
20221118,11:07:41,18387.80,50,2263200
20221118,11:07:42,18388.50,50,2263200
20221118,11:07:43,18388.05,150,2263200
20221118,11:07:45,18387.80,50,2263200
20221118,11:07:46,18384.25,50,2263200
20221118,11:07:52,18387.30,150,2263200
20221118,11:07:57,18387.85,200,2263200
20221118,11:08:02,18387.95,50,2263200
20221118,11:08:03,18387.95,50,2263200
20221118,11:08:06,18387.95,1550,2263200
20221118,11:08:08,18389.00,100,2263200
20221118,11:08:10,18389.00,50,2263200
20221118,11:08:11,18388.95,50,2263200
20221118,11:08:12,18388.95,250,2263200
20221118,11:08:14,18388.95,50,2263200
20221118,11:08:17,18388.90,150,2263200
20221118,11:08:19,18387.30,150,2263200
20221118,11:08:20,18387.30,50,2263200
20221118,11:08:21,18387.90,50,2263200
20221118,11:08:23,18388.00,50,2263200
20221118,11:08:25,18387.00,50,2263200
20221118,11:08:31,18387.00,150,2263200
20221118,11:08:32,18388.00,50,2263200
20221118,11:08:34,18387.00,50,2263200
20221118,11:08:46,18387.00,50,2263200
20221118,11:08:49,18387.00,100,2263200
20221118,11:08:50,18387.85,300,2259850
20221118,11:08:51,18387.75,50,2259850
20221118,11:08:53,18387.00,50,2259850
20221118,11:08:54,18386.20,50,2259850
20221118,11:08:56,18386.00,150,2259850
20221118,11:09:03,18386.00,50,2259850
20221118,11:09:04,18384.25,50,2259850
20221118,11:09:08,18384.25,50,2259850
20221118,11:09:09,18384.25,100,2259850
20221118,11:09:10,18384.25,250,2259850
20221118,11:09:11,18383.00,100,2259850
20221118,11:09:12,18381.35,200,2259850
20221118,11:09:13,18381.35,100,2259850
20221118,11:09:14,18380.00,250,2259850
20221118,11:09:15,18380.00,500,2259850
20221118,11:09:16,18380.50,100,2259850
20221118,11:09:18,18380.00,50,2259850
20221118,11:09:19,18378.60,50,2259850
20221118,11:09:21,18378.60,150,2259850
20221118,11:09:23,18376.00,700,2259850
20221118,11:09:26,18375.75,50,2259850
20221118,11:09:26,18375.55,100,2259850
20221118,11:09:27,18375.50,50,2259850
20221118,11:09:29,18375.25,150,2259850
20221118,11:09:30,18375.00,300,2259850
20221118,11:09:31,18375.85,50,2259850
20221118,11:09:34,18377.85,50,2259850
20221118,11:09:35,18377.10,50,2259850
20221118,11:09:37,18376.95,50,2259850
20221118,11:09:38,18376.80,50,2259850
20221118,11:09:39,18377.10,50,2259850
20221118,11:09:41,18377.85,50,2259850
20221118,11:09:42,18377.50,200,2259850
20221118,11:09:45,18377.90,100,2259850
20221118,11:09:47,18377.85,250,2259850
20221118,11:09:50,18378.65,300,2259850
20221118,11:09:51,18379.80,400,2259850
20221118,11:09:51,18379.80,50,2259850
20221118,11:09:52,18379.80,200,2259850
20221118,11:09:54,18379.80,50,2259850
20221118,11:09:59,18377.85,50,2259850
20221118,11:10:02,18379.85,50,2259850
20221118,11:10:06,18378.00,50,2259850
20221118,11:10:07,18379.85,50,2259850
20221118,11:10:08,18378.05,50,2259850
20221118,11:10:14,18378.90,50,2259850
20221118,11:10:15,18378.05,50,2259850
20221118,11:10:17,18378.00,100,2259850
20221118,11:10:19,18379.45,50,2259850
20221118,11:10:20,18379.45,50,2259850
20221118,11:10:21,18378.05,50,2259850
20221118,11:10:22,18378.05,50,2259850
20221118,11:10:27,18378.00,100,2259850
20221118,11:10:31,18377.90,100,2259850
20221118,11:10:33,18378.05,50,2259850
20221118,11:10:33,18378.00,50,2259850
20221118,11:10:34,18377.75,50,2259850
20221118,11:10:37,18379.40,50,2259850
20221118,11:10:38,18379.40,50,2259850
20221118,11:10:39,18379.40,50,2259850
20221118,11:10:43,18377.75,50,2259850
20221118,11:10:44,18377.80,150,2259850
20221118,11:10:45,18377.80,100,2259850
20221118,11:10:46,18377.65,50,2259850
20221118,11:10:48,18377.70,150,2259850
20221118,11:10:49,18378.50,150,2259850
20221118,11:10:50,18378.65,50,2259850
20221118,11:10:51,18378.90,100,2259850
20221118,11:10:53,18378.65,50,2259850
20221118,11:10:54,18379.80,100,2259850
20221118,11:10:57,18379.10,50,2259850
20221118,11:11:00,18379.85,50,2259850
20221118,11:11:03,18377.25,2650,2259850
20221118,11:11:04,18377.15,750,2259850
20221118,11:11:05,18376.10,1850,2259850
20221118,11:11:06,18376.10,200,2259850
20221118,11:11:07,18377.10,50,2259850
20221118,11:11:09,18377.65,50,2259850
20221118,11:11:12,18377.30,300,2259850
20221118,11:11:13,18377.25,100,2259850
20221118,11:11:18,18377.45,650,2259850
20221118,11:11:25,18377.45,50,2259850
20221118,11:11:28,18377.45,100,2259850
20221118,11:11:31,18377.25,50,2259850
20221118,11:11:33,18377.80,100,2259850
20221118,11:11:36,18379.75,50,2259850
20221118,11:11:39,18378.00,50,2259850
20221118,11:11:40,18379.25,200,2259850
20221118,11:11:44,18379.90,50,2259850
20221118,11:11:45,18379.90,200,2259850
20221118,11:11:50,18379.95,50,2261850
20221118,11:11:52,18377.80,50,2261850
20221118,11:11:56,18379.95,100,2261850
20221118,11:11:57,18377.00,600,2261850
20221118,11:12:01,18378.00,100,2261850
20221118,11:12:06,18375.85,50,2261850
20221118,11:12:10,18376.40,50,2261850
20221118,11:12:11,18375.60,50,2261850
20221118,11:12:12,18375.40,150,2261850
20221118,11:12:14,18375.00,200,2261850
20221118,11:12:15,18375.40,200,2261850
20221118,11:12:16,18375.00,50,2261850
20221118,11:12:17,18372.00,700,2261850
20221118,11:12:20,18372.00,50,2261850
20221118,11:12:21,18371.05,350,2261850
20221118,11:12:22,18370.65,600,2261850
20221118,11:12:22,18372.00,100,2261850
20221118,11:12:24,18370.10,1000,2261850
20221118,11:12:25,18373.25,50,2261850
20221118,11:12:26,18373.90,50,2261850
20221118,11:12:27,18374.70,50,2261850
20221118,11:12:28,18371.40,100,2261850
20221118,11:12:31,18373.85,100,2261850
20221118,11:12:32,18373.70,50,2261850
20221118,11:12:34,18373.05,50,2261850
20221118,11:12:36,18371.95,100,2261850
20221118,11:12:37,18372.00,50,2261850
20221118,11:12:38,18372.85,150,2261850
20221118,11:12:39,18371.40,150,2261850
20221118,11:12:39,18372.85,50,2261850
20221118,11:12:41,18372.85,50,2261850
20221118,11:12:42,18372.85,100,2261850
20221118,11:12:43,18372.85,100,2261850
20221118,11:12:44,18372.85,100,2261850
20221118,11:12:45,18371.05,50,2261850
20221118,11:12:48,18370.75,150,2261850
20221118,11:12:49,18372.80,800,2261850
20221118,11:12:50,18372.85,50,2261850
20221118,11:12:54,18373.65,100,2261850
20221118,11:12:55,18373.95,50,2261850
20221118,11:12:56,18374.85,200,2261850
20221118,11:12:59,18374.85,50,2261850
20221118,11:13:01,18373.20,50,2261850
20221118,11:13:02,18374.95,100,2261850
20221118,11:13:06,18374.30,50,2261850
20221118,11:13:07,18374.95,50,2261850
20221118,11:13:08,18375.00,150,2261850
20221118,11:13:09,18375.00,100,2261850
20221118,11:13:12,18375.00,100,2261850
